4186 5424
943 219 985 289 27

36 480 41 491 .
85 428 268 512 redemptor
291 449 362 491 cum
387 427 525 492 famulis.
563 425 664 492 'Alter
692 427 781 493 loeus
809 427 978 493 Plautinus
1010 428 1065 493 ubi
1096 428 1206 493 eadem
1234 452 1297 494 vox
1325 431 1504 514 reperiatur
1534 454 1609 496 sane
1638 453 1702 496 non
1727 437 1846 497 exstat:

86 535 142 599 sed
169 535 230 600 hoc
262 534 344 599 nihil
368 534 512 619 adrem,
544 534 664 600 locutio
698 535 782 599 enim
811 558 868 619 per
896 558 930 600 se
957 527 1124 620 peispicua
1156 540 1218 622 est,
1248 559 1443 621 quamquam
1472 560 1549 623 non,
1589 543 1625 604 ut
1654 539 1795 625 videtur,
1827 563 1847 604 a

79 642 201 706 'Plauto
235 642 378 727 profecta
411 663 474 725 qua
509 642 547 706 de
580 665 615 707 re
652 665 749 727 supra
781 665 811 726 p.
836 643 878 710 25
911 641 985 706 dixi.
1036 642 1133 707 Haud
1171 648 1279 708 tamen
1312 645 1378 709 scio
1416 668 1457 710 an
1485 645 1518 709 in
1550 645 1612 710 fine
1645 668 1755 711 versus
1786 668 1845 730 pro

79 751 130 814 'od
151 754 218 815 com
250 751 369 815 rectius
402 750 562 815 scribatur
584 751 628 814 cd
658 772 737 829 rem,
771 771 852 834 quae
880 750 1063 815 coniectura
1092 750 1220 816 facilem
1252 750 1351 815 habet
1382 751 1590 836 explicatum:
1623 748 1791 818 ΑΤΕΑΜ
1814 759 1847 818 et

86 855 252 921 ATREM
276 859 360 922 inter
383 879 417 921 se
440 856 605 922 simillima
628 862 704 922 sunt
726 856 776 943 (at
796 878 855 941 pro
878 858 922 922 ad
944 857 978 921 in
1001 858 1152 924 omnibus
1175 858 1338 924 codicibus
1361 858 1414 923 hio
1437 859 1565 946 exstat).

198 999 204 1013 ·
245 962 284 1027 ln
307 965 370 1028 fine
395 987 505 1029 versus
532 966 616 1031 1013
639 966 777 1030 fortasse
799 964 998 1029 camillorum
1021 963 1178 1029 a-Plauto
1207 965 1443 1050 scriptumest.
1497 964 1736 1031 Studemundus
1764 965 1846 1031 nihil

85 1071 119 1133 in
134 1071 349 1136 Ambrosiano
369 1095 495 1138 cernere
514 1073 622 1157 potuit
639 1073 702 1136 nisi
722 1070 968 1137 incertissimam
987 1071 1129 1137 litteram
1150 1070 1176 1135 Ο
1197 1071 1360 1137 οῐΝεΜ
1375 1072 1463 1161 (vide
1482 1094 1589 1159 apogr.
1608 1072 1844 1160 Studemundi).

85 1177 230 1242 Tertium
263 1201 375 1244 versus
409 1180 601 1245 vocabulum
633 1181 830 1245 coercitioni-m
864 1177 999 1266 (300¹)
1031 1201 1096 1243 non
1128 1180 1325 1245 consiliorum
1359 1177 1497 1267 (D³FZ)
1530 1201 1599 1245 esse
1632 1185 1754 1246 certum
1788 1183 1845 1263 est,

85 1290 264 1372 extremum
289 1291 395 1350 autem
421 1288 453 1351 in
477 1288 627 1353 omnibus
651 1286 740 1351 codd.
754 1286 821 1351 Pal.
836 1290 885 1351 est
907 1287 1130 1351 mattiarlo-m.
1163 1286 1209 1352 Vt
1231 1287 1332 1373 igitur
1355 1308 1420 1351 non
1442 1289 1654 1366 consiliorum,
1679 1286 1734 1352 sed
1758 1285 1846 1351 aliud

86 1392 163 1475 quid
186 1391 321 1457 Plautus
352 1393 531 1479 scripserit,
562 1395 699 1460 fortasse
727 1393 916 1459 emendandi
945 1393 1028 1458 ratio
1060 1393 1199 1458 ineunda
1226 1399 1276 1459 est
1306 1419 1325 1458 a
1359 1394 1480 1459 criticis
1513 1395 1655 1479 diversa,
1688 1393 1743 1478 qui
1772 1416 1845 1458 cum

84 1500 249 1564 miratoriam
273 1500 324 1564 vel
347 1503 538 1567 'insidiarum
562 1502 612 1566 vel
640 1503 848 1567 coasidiorum
871 1500 922 1566 vel
954 1502 1138 1566 aemulatum
1171 1501 1381 1586 scripserunt,
1414 1501 1447 1564 in
1480 1501 1653 1585 depravato
1686 1500 1843 1565 vocabulo

86 1608 270 1691 genetivum
289 1608 389 1672 latere
404 1610 620 1674 crediderunt:
634 1609 771 1674 fortasse
790 1609 877 1673 aliud
896 1607 974 1692 quid
987 1607 1075 1671 latet.
1108 1606 1308 1691 Quamquam
1323 1607 1458 1672 Plautus
1473 1608 1629 1672 adiectivo
1644 1609 1842 1673 emesiliorias

85 1735 161 1777 usus
184 1719 234 1778 est
258 1715 341 1779 sicut
365 1715 429 1800 alii,
453 1719 560 1780 tamen
584 1717 682 1781 etiam
705 1717 881 1782 resilieris
908 1716 1013 1780 forma
1039 1735 1097 1799 per
1124 1735 1157 1778 se
1180 1736 1280 1798 aeque
1304 1715 1388 1779 bona
1411 1715 1444 1779 in
1474 1737 1533 1779 usu
1561 1715 1625 1785 fuit
1644 1712 1697 1801 (cf.
1715 1712 1842 1800 lexica).

89 1818 127 1884 In
162 1819 223 1884 hoo
256 1842 371 1906 genere
408 1824 608 1910 geminarum
646 1824 823 1888 formarum
856 1845 920 1887 non
953 1821 1175 1886 offendendum
1209 1822 1284 1907 esti,
1308 1822 1437 1887 litteras
1461 1826 1494 1886 et
1526 1822 1640 1887 littaris
1671 1825 1843 1904 utrumque

84 1926 236 1992 Latinum
255 1934 304 1993 est
318 1933 351 1993 et
365 1930 433 2013 ipse
449 1951 575 2025 quoque
590 1930 725 1996 Plautus
744 1930 832 2014 Capt.
846 1931 909 1995 112
927 1929 1121 2011 stupefactus
1140 1928 1301 2014 adhibuit,
1316 1950 1511 2013 quamquam
1529 1928 1592 1991 alia
1607 1927 1842 2014 significatione

85 2039 181 2117 atque
212 2037 393 2117 sirrpalaris.
448 2035 582 2102 Accedit
614 2038 700 2122 quod
732 2037 793 2102 hoc
824 2036 895 2102 loco
935 2058 1085 2100 mensura
1118 2035 1264 2101 vocabuli
1295 2037 1493 2101 caailiaraa
1530 2035 1569 2099 ad
1602 2035 1841 2118 anapaestioum

84 2145 223 2206 metrum
248 2143 354 2206 minus
378 2148 454 2226 apta
477 2147 553 2208 erat.
600 2144 750 2229 Propone
775 2144 875 2229 igitur
899 2166 925 2207 v.
946 2143 1043 2208 1013:

245 2247 373 2314 Socirim
398 2254 528 2314 tuorum
552 2251 762 2317 conciliorum
786 2256 818 2315 et
839 2249 1041 2335 participem,
1065 2249 1311 2314 consiliarem

84 2356 240 2439 credoque
259 2355 395 2420 formam
416 2358 568 2422 usitatam
586 2360 800 2424 emasilioriam
819 2358 859 2423 ab
879 2356 987 2440 aliquo
1007 2355 1047 2419 ad
1066 2354 1297 2439 explanandam
1316 2357 1471 2420 rariorem
1489 2355 1626 2419 formam
1645 2356 1840 2421 consiliarem

84 2463 277 2546 adscriptam
301 2464 414 2528 deinde
438 2465 472 2528 in
496 2466 593 2530 verba
615 2470 728 2550 poetae
751 2466 822 2549 ipsa
844 2463 1018 2547 irrepsisse.

243 2568 281 2633 ln
310 2577 465 2654 apparatu
495 2570 670 2637 Goetniano
704 2571 744 2635 ad
767 2594 895 2636 versum
921 2571 1006 2635 1409
1035 2569 1231 2653 adscriptum
1259 2574 1320 2654 est,
1346 2565 1443 2636 ‘locres
1470 2570 1608 2634 academ
1635 2567 1841 2635 cnzcadotas’:

83 2697 143 2760 ego
167 2676 273 2741 locum
302 2677 486 2741 emendasse
519 2678 600 2742 mihi
633 2676 750 2742 videor.
806 2677 1016 2741 Manifestum
1048 2697 1123 2740 sane
1153 2680 1203 2738 est
1234 2698 1310 2740 vera
1339 2675 1447 2738 Plauti
1478 2675 1577 2741 verba
1604 2675 1669 2739 iam
1696 2675 1839 2758 antiquis

83 2783 283 2867 temporibus
311 2784 483 2868 depravata
507 2805 582 2850 esse.
631 2783 725 2848 Solus
750 2786 783 2848 B
806 2784 840 2847 in
858 2784 966 2848 uitiato
985 2783 1052 2847 veri
1071 2781 1244 2867 vestigium
1262 2781 1409 2866 retinuit,
1433 2782 1501 2846 sine
1526 2803 1589 2866 quo
1618 2783 1651 2846 in
1675 2786 1840 2846 aeternum

83 2889 135 2953 hic
160 2891 244 2954 caeci
273 2913 423 2955 essemus.
470 2889 624 2955 Codicum
647 2890 802 2954 memoria
824 2888 904 2954 haec
927 2893 989 2954 est:

247 3069 294 3132 A:
318 3066 551 3144 LOQUERE
834 3065 1414 3133 STUIDUAMKERCLEESSE

701 3173 885 3240 CENSUI

83 3314 323 3380 Studemundus
355 3317 433 3381 dicit
466 3317 499 3380 in
527 3316 737 3399 adnot‘qaid
763 3319 798 3381 ia
826 3338 941 3398 propera
973 3318 1028 3382 illo
1053 3319 1189 3400 ferream
1216 3323 1297 3400 (post
1322 3318 1485 3398 septimam
1513 3316 1662 3398 litteram)
1685 3318 1841 3399 exstiterit,

83 3424 145 3486 dici
185 3426 289 3504 arcersit
333 3427 479 3505 spatio
520 3426 686 3506 (illectas
727 3425 809 3488 enim
848 3425 913 3504 fere
953 3424 1034 3488 nulli
1073 3424 1252 3506 supersunt)
1291 3424 1481 3505 satisfaceret
1521 3424 1604 3487 colret
1643 3422 1717 3487 llaec
1757 3423 1841 3487 laedio

82 3527 932 3616 NONDUMAMEFAOTUME(STUIDUAM);
960 3536 1050 3612 cipere
1076 3534 1252 3595 catc18“'¹‘
1276 3530 1315 3594 ab
1343 3532 1426 3595 exito
1453 3532 1587 3596 litteram
1614 3526 1840 3593 FAOTUME

82 3637 230 3700 exstitisse
263 3638 329 3701 riori
358 3644 401 3703 est
429 3634 634 3703 simillimam.
685 3635 764 3701 Post
794 3634 1080 3701 FACTUMEST
1113 3635 1226 3721 igitur,
1256 3635 1284 3700 si
1312 3635 1391 3700 haec
1420 3638 1518 3702 verba
1549 3638 1618 3722 ipsa
1648 3637 1841 3700 exstiterunt

83 3741 115 3804 in
139 3742 184 3826 A,
207 3742 331 3808 nullum
355 3766 509 3828 personae
532 3744 671 3828 spatium
696 3743 729 3807 in
748 3743 873 3807 Aluit.
914 3765 979 3808 non
1002 3742 1078 3806 dum
1101 3742 1215 3807 niliblo
1239 3742 1343 3807 factus
1362 3745 1402 3809 B.
1440 3743 1581 3808 nondum
1602 3743 1701 3807 donee
1719 3743 1840 3807 factum

83 3852 131 3911 est
156 3848 251 3912 (DZ.
297 3858 368 3915 crite
391 3851 521 3915 uiduam
546 3850 659 3936 (uidua
681 3850 728 3936 B)
751 3872 821 3915 esse
851 3849 959 3914 censui
989 3847 1109 3934 (hercle
1132 3869 1214 3913 renas
1236 3849 1268 3912 A
1291 3848 1393 3935 liutet)
1417 3849 1482 3913 PY.
1503 3849 1617 3913 militis
1644 3853 1722 3914 nota
1749 3850 1783 3913 in
1808 3850 1840 3914 B

82 3958 114 4017 et
133 3954 166 4017 in
186 3954 251 4038 D2,
275 3956 307 4019 in
334 3958 412 4022 CD'
437 3957 527 4022 nulla
548 3979 703 4041 personae
725 3961 803 4021 nota
825 3961 883 4021 est.
1678 4026 1680 4031 .

243 4060 443 4127 Camerarius
462 4061 592 4147 scripsit
609 4065 746 4129 nortdrmz
766 4064 860 4128 attriti
875 4065 991 4146 foetam,
1015 4061 1211 4127 Ritschelius
1233 4064 1308 4128 darn
1330 4083 1394 4128 noa
1416 4062 1510 4127 nihili
1529 4063 1654 4144 faelu’s,
1679 4062 1839 4148 Bergkius

82 4171 224 4233 donicum
247 4193 285 4234 aa
305 4172 464 4251 factmnst,
490 4169 707 4236 Stowasserus
731 4173 749 4236 l.
768 4192 791 4235 s.
805 4192 830 4235 s,
843 4193 876 4252 p.
895 4175 940 4235 26
962 4170 1035 4234 oda.
1059 4169 1122 4234 duo
1151 4169 1234 4235 inter
1262 4191 1295 4234 se
1324 4170 1425 4233 mixta
1449 4190 1517 4232 esse
1541 4169 1654 4233 credit:
1685 4169 1839 4253 Loquere,

82 4277 208 4340 nebulo,
232 4315 276 4322 —
299 4276 451 4341 Nondum
474 4278 596 4341 factum
620 4282 669 4342 est
692 4279 757 4361 (B)
779 4278 929 4362 (Pprpop.
953 4277 1018 4341 will
1040 4297 1149 4359 sapen,
1178 4277 1248 4357 dosa
1276 4275 1434 4357 abactas
1460 4275 1537 4340 noer
1562 4297 1622 4358 par
1648 4276 1747 4341 alciata
1774 4297 1839 4340 oor-

78 4384 254 4464 pel-omma
271 4384 330 4464 sci)
349 4389 394 4448 et:
412 4383 557 4469 loquere,
579 4385 722 4449 nondum
738 4384 837 4449 donec
851 4384 1004 4448 factumst
1021 4382 1114 4468 (OD)
1128 4381 1255 4465 ‘spricb,
1274 4404 1308 4449 so
1327 4384 1417 4466 lareyo
1435 4403 1465 4448 es
1483 4381 1559 4447 aocb
1578 4381 1662 4447 nicht
1677 4382 1838 4463 §moliebare

83 4486 131 4554 ist’
150 4493 194 4576 ll).
238 4490 416 4555 Schoelliue
438 4494 537 4575 praefi
556 4493 600 4557 ed.
614 4494 689 4557 mia.
700 4493 777 4574 pX
785 4492 876 4557 VIII
894 4490 1075 4576 proposuit:
1104 4489 1258 4573 Loquere.
1278 4489 1436 4573 nondum,
1460 4490 1560 4554 donec
1583 4489 1736 4553 factumst
1759 4490 1795 4571 (i.
1814 4511 1836 4554 e.

80 4599 217 4661 ricardum
250 4599 421 4680 ‹lispomite
452 4600 504 4682 (cf.
532 4622 558 4664 v.
587 4601 686 4682 1407)
718 4600 810 4665 donec
840 4600 956 4664 locutas
987 4599 1028 4662 sit
1057 4597 1168 4682 orites),
1198 4596 1282 4661 idern
1311 4598 1372 4662 aiii
1400 4597 1434 4661 in
1466 4593 1499 4657 B
1521 4618 1560 4660 ex
1590 4594 1837 4679 interpolatione

81 4710 236 4787 repetens.
282 4704 346 4769 Leo
370 4705 462 4790 legit:
495 4704 559 4770 PE.
583 4705 729 4789 Loquere
752 4705 818 4770 PY.
837 4728 902 4771 non
924 4703 1014 4769 volui
1036 4725 1095 4769 nec
1117 4703 1238 4769 factum
1263 4707 1325 4768 est:
1355 4703 1484 4768 viduam
1509 4701 1615 4768 hercle
1638 4723 1707 4767 esse
1730 4701 1837 4766 censui

76 4806 151 4876 ‘asora
175 4814 257 4876 colai
279 4833 316 4878 sc.
332 4813 500 4895 sribipitorc
518 4813 655 4878 alienam
673 4834 813 4892 risorem,
837 4814 992 4896 adquam
1010 4813 1215 4894 pastiones
1234 4810 1414 4892 respondero
1430 4809 1568 4874 nondum
1586 4810 1664 4874 sotis
1679 4814 1836 4890 petraea

79 4920 133 4982 sed
155 4919 277 4984 cer-brem
299 4940 375 4986 sone
396 4921 565 4985 incertam?

239 5025 311 5111 Ego
335 5025 453 5091 scribo:
