4186 5424
1022 194 1064 262 14

163 401 248 465 enim
279 401 441 465 invenitur
471 400 572 463 ullum
601 400 753 464 dramatis
784 401 958 484 specimen,
988 400 1021 464 in
1045 421 1108 484 quo
1132 399 1214 463 nihil
1233 400 1276 464 sit
1294 403 1473 483 peccatum,
1497 399 1553 464 sed
1577 399 1685 464 omnia
1707 400 1773 464 sint
1792 399 1926 484 optima,

163 508 249 592 quod
267 508 417 572 omnibus
440 507 519 572 artis
542 507 720 591 praeceptis
739 507 941 572 satisfaciat?
967 505 1191 572 ‘Conferantur
1214 528 1251 570 ea
1274 528 1354 590 quae
1378 506 1461 570 infra
1479 529 1509 591 p.
1527 508 1566 574 16
1581 528 1660 591 sq.e
1681 505 1814 592 Sauppii
1839 506 1925 572 libro

134 662 135 666 ,
162 616 331 681 suavitatis
354 614 448 699 pleno
468 614 813 680 commemorabuntur.
846 612 949 690 Quam
967 636 1049 678 vana
1067 618 1187 698 autem,
1211 635 1307 697 quam
1327 613 1565 699 improbabilia,
1585 635 1680 697 quam
1700 613 1780 678 falsa
1799 618 1925 678 nostra·

162 723 245 787 tium
259 721 628 808 poetarumcomoediae
652 722 837 788 contineant
860 722 887 786 si
907 722 1013 786 animo
1034 722 1200 787 nobiseum
1224 702 1491 806 reputaverimus,
1515 721 1549 785 in
1568 720 1678 785 fabula
1696 721 1801 806 ignoti
1819 721 1925 785 euius·

163 830 236 894 dam
259 835 372 914 poetae
396 831 451 915 qui
470 853 547 894 num
571 829 655 893 inter
677 828 838 913 principes
861 851 897 893 ae
925 828 1021 894 duces
1044 828 1140 893 huius
1164 829 1290 914 generis
1318 828 1417 894 fuerit
1439 851 1532 893 nemo
1561 850 1620 914 pro
1650 832 1738 894 certo
1762 827 1926 893 affirmare

163 942 283 1022 potest,
310 959 375 1002 non
399 960 557 1002 summam
580 936 659 1002 artis
682 936 911 1020 perfectionem
934 936 1142 1022 requiremus

323 1044 493 1110 Praeterea
530 1043 616 1128 quod
643 1043 776 1129 parietis
804 1042 941 1127 perfossi
974 1043 1047 1109 inde
1071 1067 1090 1108 a
1112 1044 1209 1109 tertio
1242 1048 1315 1109 actu
1343 1044 1452 1108 nullus
1484 1044 1547 1108 iam
1572 1043 1605 1107 in
1629 1042 1738 1107 fabula
1761 1046 1810 1108 est
1837 1064 1925 1126 nsua,

163 1151 217 1216 vix
245 1152 416 1236 quisquam
439 1155 551 1238 poetae
575 1151 655 1216 vitio
675 1150 749 1216 dare
773 1151 905 1237 poterit,
929 1151 957 1216 si
975 1155 1078 1216 totam
1102 1152 1284 1238 argumenti
1308 1150 1554 1235 descriptionem
1578 1151 1761 1234 respexerit.
1804 1149 1925 1215 Contra

60 1244 64 1251 ’
162 1282 200 1325 ea
223 1260 322 1343 enim,
346 1281 426 1343 quae
448 1259 657 1324 Lorenzius
681 1282 710 1343 p.
726 1260 766 1325 31
783 1281 829 1344 sq.
843 1259 948 1324 affert:
967 1253 1028 1325 ‘Es
1051 1260 1133 1325 wind
1153 1260 1279 1325 laterone
1301 1259 1375 1324 held
1395 1259 1480 1336 hlar,
1503 1258 1574 1338 dass
1597 1258 1733 1322 Plautus
1755 1259 1802 1323 bei
1824 1259 1926 1322 seiher

66 1440 72 1456 ,
157 1366 381 1448 Kampositioa
403 1368 455 1432 des
478 1367 576 1432 Miles
602 1365 764 1431 Gloriosus
791 1367 850 1431 dea
876 1366 1085 1448 Gruhdfehler
1114 1368 1234 1450 bepihp,
1264 1367 1323 1432 den
1345 1366 1476 1448 Kompf
1498 1367 1552 1431 der
1579 1366 1649 1430 List
1678 1366 1745 1430 und
1771 1365 1922 1446 Intripue,

162 1475 217 1539 der
239 1475 297 1539 das
322 1474 474 1538 Treihrad
496 1475 541 1538 im
563 1473 638 1538 Bau
660 1474 714 1538 der
737 1472 797 1539 νέα
820 1474 923 1552 1111111,
946 1475 1013 1539 hier
1034 1476 1205 1540 ercer'mal
1227 1474 1412 1546 aretaehmen
1435 1494 1475 1538 aa
1493 1475 1595 1538 tossen
1617 1475 1790 1539 nodewet·
1810 1493 1925 1555 pepon

162 1583 252 1646 ewei
281 1582 537 1646 ooheirrarrder
567 1601 663 1662 parre
688 1587 882 1662 petronate
912 1579 1069 1663 Gepaer,
1100 1581 1243 1647 wodereh
1270 1582 1320 1648 die
1347 1581 1553 1646 dramatisehe
1578 1581 1753 1664 Spartanae
1782 1582 1836 1645 der
1859 1581 1924 1644 Za·

161 1689 291 1753 adrazer
319 1693 420 1754 auerst
443 1688 538 1754 durch
561 1687 759 1770 Expositos,
791 1688 1001 1770 Verreiehlanp
1024 1689 1091 1753 1111
1112 1689 1292 1771 Arrftdsuap
1315 1690 1367 1755 des
1389 1695 1488 1754 ersten
1510 1689 1665 1771 Kampfes
1682 1689 1757 1772 (Aet
1766 1688 1823 1769 Il)
1836 1687 1924 1752 ihren

162 1797 394 1878 repetentissiperr
420 1795 548 1877 Verterat
569 1796 683 1860 rrimmt
703 1796 770 1859 aad
791 1796 887 1880 daha,
910 1795 1058 1860 haehdem
1080 1796 1125 1860 sie
1148 1795 1296 1860 wdhread
1316 1796 1400 1860 einer
1422 1797 1534 1876 lerrrpen
1557 1796 1692 1876 Episode
1719 1794 1924 1878 (tao-764)

160 1903 353 1985 peohthat,
375 1923 447 1967 aare
473 1903 599 1968 aweiterr
621 1902 711 1967 Male
739 1923 796 1967 oea
819 1924 929 1968 corne
954 1903 1088 1968 wieder
1119 1903 1304 1985 1111111911
1335 1903 1455 1982 111115
1484 1901 1562 1966 haec
1590 1902 1653 1966 duo
1682 1923 1825 1987 oppono:
1858 1923 1924 1965 non

164 2009 243 2074 dnos
273 2030 342 2074 esse
372 2009 406 2073 in
433 2008 543 2073 fabula
569 2009 781 2093 adversarios,
816 2010 872 2074 sed
895 2032 994 2073 unum
1023 2009 1173 2092 militem,
1201 2031 1274 2074 cum
1298 2007 1478 2090 Sceledrus,
1510 2009 1625 2073 militis
1648 2031 1773 2095 servus,
1800 2010 1847 2074 eri
1872 2009 1923 2073 sui

165 2116 315 2181 mandato
345 2116 537 2201 satisfaciat,
567 2115 680 2181 deinde
710 2121 817 2182 autem
848 2117 1116 2201 vituperationem
1146 2115 1242 2180 huius
1275 2116 1319 2179 rei
1352 2115 1529 2180 faciliorem
1558 2139 1627 2182 esse
1655 2139 1751 2202 quam
1779 2115 1924 2181 emenda·

163 2224 293 2290 tionem.
339 2222 492 2287 Dubitari
514 2223 599 2287 enim
623 2225 748 2308 nequit,
779 2225 870 2309 quin,
893 2224 921 2288 si
943 2223 1080 2307 perfossi
1103 2223 1235 2306 parietis
1261 2224 1294 2286 in
1317 2222 1442 2307 reliqua
1464 2223 1574 2288 fabula
1597 2225 1753 2289 rationem
1781 2245 1845 2288 non
1868 2223 1924 2288 ha·

164 2331 248 2416 buit,
270 2335 366 2414 poeta
385 2352 402 2394 e
420 2329 558 2414 duobus,
582 2335 618 2393 ut
641 2331 745 2416 aiunt,
768 2331 875 2395 minus
898 2330 1018 2395 malum
1042 2329 1176 2414 elegisse
1199 2329 1375 2394 censendus
1398 2332 1449 2396 sit.
1483 2330 1568 2397 Nam
1587 2336 1757 2416 postquam
1776 2330 1923 2396 Philoco-

164 2439 299 2503 masium
319 2439 353 2501 in
371 2442 444 2501 actu
463 2437 603 2501 secundo
623 2437 728 2520 quoad
746 2439 814 2502 eiua
833 2438 936 2502 facere
959 2442 1087 2522 poterat
1113 2437 1208 2521 nihil,
1236 2441 1272 2502 ut
1296 2435 1479 2503 Sceledrum
1503 2438 1642 2523 falleret,
1664 2438 1797 2522 reliquit
1821 2439 1922 2503 inten-

163 2551 267 2610 tatum
290 2541 344 2631 (cf.
362 2543 561 2609 fallaciarum
585 2545 722 2610 indicem
745 2545 1000 2611 Ribbeekianum
1015 2544 1167 2609 Alazonis
1185 2566 1214 2628 p.
1230 2547 1269 2610 61
1289 2544 1360 2610 adn.
1375 2543 1423 2633 2),
1447 2545 1535 2611 nullo
1559 2551 1653 2631 paeto
1675 2545 1768 2639 licuit
1790 2546 1923 2610 eandem

164 2675 231 2716 rem
251 2651 402 2716 adversus
416 2650 555 2716 Militem
579 2651 702 2738 iterari,
725 2652 758 2717 id
781 2652 866 2737 quod
890 2656 922 2716 et
946 2653 979 2716 in
998 2652 1077 2716 artis
1096 2656 1265 2735 praccepta
1288 2658 1433 2736 peccaret
1456 2691 1497 2699 —
1517 2653 1599 2717 nihil
1622 2653 1707 2718 enim
1736 2654 1865 2738 pravius
1890 2653 1923 2716 in

164 2763 232 2823 arte
262 2758 437 2822 dramatica
467 2758 655 2823 vitiosiusre
686 2781 781 2843 quam
805 2763 893 2824 actae
916 2759 962 2822 rei
985 2758 1134 2844 repetitio
1159 2796 1201 2804 —
1225 2762 1258 2822 et
1281 2757 1365 2823 effici
1389 2761 1519 2824 omnino
1543 2783 1609 2826 non
1631 2764 1766 2845 poterat.
1808 2758 1923 2842 Neque

164 2867 249 2930 enim
272 2867 396 2930 minore
424 2885 609 2930 scaenarum
638 2867 719 2931 serie
742 2865 782 2931 ad
814 2866 1036 2950 decipiendum
1069 2865 1209 2930 militem
1238 2887 1319 2949 opus
1351 2865 1466 2930 fuisset
1499 2888 1594 2950 quam
1624 2888 1686 2950 qua
1716 2869 1750 2932 in
1774 2865 1922 2932 Sceledro

163 2972 302 3037 fallendo
327 2976 423 3056 poeta
445 2994 522 3036 usus
545 2977 601 3037 ast.
643 2971 736 3049 Quod
759 2974 860 3058 igitur
883 2971 1008 3036 FrLeo
1032 2995 1062 3055 p.
1079 2973 1142 3038 162
1160 2972 1251 3036 dicit:
1276 2972 1368 3038 ‘Dera
1387 2974 1495 3038 Herrh
1509 2971 1791 3058 (Pprpepolirrices)
1814 2974 1923 3053 raalste

163 3080 289 3145 clieselhe
318 3065 534 3161 llheraeuprmp
557 3079 743 3161 beipehraeht
766 3081 898 3157 werden,
927 3081 985 3145 wie
1006 3080 1074 3143 dem
1098 3078 1229 3157 1111111,
1252 3084 1313 3144 erat
1335 3080 1422 3146 daha
1446 3101 1513 3145 rear
1535 3082 1584 3144 eh'e
1602 3081 1752 3144 hornisehe
1768 3081 1923 3161 Wirhohp

164 3186 366 3268 vollsttihdip;
389 3186 454 3250 dies
477 3185 724 3267 derreh-entir'hrea
747 3188 822 3252 chae
845 3186 942 3251 durch
958 3186 1195 3269 Wiederholuhp
1218 3187 1272 3251 der
1292 3187 1427 3268 pleiehen
1449 3187 1607 3251 Situetioa
1629 3187 1721 3267 lh'stip
1743 3208 1782 3250 err
1802 3187 1922 3250 werden

164 3294 246 3357 wird
267 3293 321 3357 der
343 3292 469 3356 ottisehe
492 3292 620 3357 Dichter
641 3295 734 3360 acltoa
764 3295 855 3376 Weqe
883 3294 1039 3375 pefrrndea
1065 3293 1170 3359 hohen.
1218 3295 1285 3358 Der
1307 3293 1392 3357 Herr
1419 3293 1644 3372 11111111
1672 3293 1740 3356 dem
1763 3291 1921 3355 Miideherr

162 3421 219 3464 eur
242 3399 356 3463 Flueht
379 3398 542 3479 oerhellen,
567 3401 624 3464 wie
646 3401 681 3464 ia
699 3400 758 3464 den
780 3399 950 3465 Bacchides
973 3401 1027 3464 der
1049 3399 1121 3464 Alte
1142 3399 1233 3464 selbst
1256 3399 1324 3463 dem
1348 3398 1516 3480 Chrysalus
1539 3400 1597 3464 dae
1622 3397 1702 3464 aaa
1724 3397 1839 3479 brihpt,
1867 3419 1921 3461 aar

164 3508 222 3571 das
251 3528 284 3570 er
315 3506 453 3587 betropen
477 3507 565 3570 sciret.
612 3506 697 3587 Dosa
726 3507 785 3571 eles
810 3507 955 3588 Oripirrol
978 3507 1067 3570 einero
1088 3507 1208 3572 soleherr
1230 3504 1394 3585 Abselrluss
1414 3506 1508 3586 (aad,
1537 3507 1619 3570 roird
1645 3505 1741 3569 durch
1768 3506 1834 3570 eine
1856 3504 1921 3568 ihm

164 3613 451 3677 eatstammerrde
465 3611 541 3700 (hoe
556 3613 671 3677 merito
686 3612 843 3676 incertum
858 3612 990 3696 reliquit
1004 3610 1288 3698 DdZarnclrius)
1303 3612 1494 3677 arohisehe
1508 3613 1632 3677 Nooelle
1646 3610 1921 3677 wahrseheihlich’:

164 3740 224 3804 ego
248 3719 377 3803 quidem
401 3719 497 3782 velim
521 3719 616 3804 seire,
647 3719 802 3803 quemad
823 3720 954 3783 modum
977 3718 1128 3802 perficere
1151 3719 1301 3803 potuerit.
1347 3717 1478 3782 Etenim
1503 3718 1588 3802 quod
1610 3718 1696 3782 effici
1719 3740 1783 3783 non
1807 3721 1921 3802 potest,

100 3889 103 3893 ,
164 3825 197 3890 id
218 3848 258 3890 ne
286 3824 415 3891 Atticus
443 3826 573 3910 quidem
595 3831 691 3911 pocta
721 3826 848 3892 efficere
870 3826 986 3910 potuit.
1031 3825 1166 3891 Accedit
1189 3826 1275 3910 quod
1297 3825 1554 3890 narratiunculae
1586 3824 1673 3889 illius
1705 3825 1850 3889 arabicae
1883 3847 1921 3889 ex

166 3931 290 3997 Graeca
310 3934 474 4016 comoedia
506 3934 597 4020 origo
626 3955 826 4018 nequaquam
856 3933 1055 4019 argumentis
1083 3933 1271 3999 confirmata
1297 3932 1353 3998 sed
1386 3934 1420 3997 in
1448 3933 1631 3997 coniectura
1658 3935 1785 3996 tantum
1815 3932 1922 4016 posita

166 4043 214 4104 est
238 4078 279 4085 —
304 4038 497 4106 Zarnelrium
521 4041 646 4106 cautius
673 4039 932 4124 moderatiusque
956 4039 994 4104 de
1017 4040 1077 4104 hac
1099 4062 1133 4104 re
1157 4039 1313 4104 iudicasse
1336 4062 1434 4124 supra
1456 4038 1678 4124 significabam
1702 4077 1743 4085 —
1767 4043 1863 4123 atque
1886 4041 1923 4102 ut

165 4145 282 4211 fabella
312 4148 440 4212 arabica
471 4170 510 4212 ex
534 4147 655 4213 Graeca
682 4146 847 4212 comoedia
874 4147 1017 4213 derivata
1045 4148 1159 4230 fuerit,
1191 4145 1271 4211 illud
1300 4145 1374 4211 inde
1402 4145 1512 4231 colligi
1540 4167 1604 4210 non
1631 4149 1753 4232 potest,
1782 4167 1860 4209 num
1889 4145 1922 4209 in

166 4254 363 4319 comoedia
390 4253 527 4338 perfossi
551 4254 683 4338 parietis
707 4253 800 4319 dolus
823 4255 920 4318 etiam
944 4255 977 4319 in
1001 4254 1188 4338 decipiendo
1212 4254 1315 4318 milite
1338 4252 1578 4318 adhibitus'sit.
1623 4250 1710 4317 Nam
1737 4252 1818 4317 aliae
1846 4255 1923 4316 sunt

165 4359 252 4445 leges
280 4361 516 4444 narrationum,
546 4361 782 4426 comoediarum
810 4361 904 4426 aliae:
942 4362 976 4426 in
1002 4361 1121 4426 fabella
1148 4361 1234 4426 enim
1261 4360 1383 4425 nullam
1417 4359 1617 4424 fallaciarum
1650 4358 1922 4424 intermissionem

165 4466 321 4531 habemus
346 4488 426 4550 quae
449 4469 545 4534 tertio
569 4468 751 4534 comoediae
774 4467 861 4533 actui
883 4468 1090 4554 respondeat,
1118 4467 1173 4534 sed
1201 4490 1297 4533 unam
1321 4488 1453 4551 eamque
1477 4468 1662 4531 continuam
1685 4466 1857 4551 actionem,
1886 4469 1924 4530 ut

166 4573 222 4655 qui
245 4572 395 4637 fabellam
419 4575 612 4659 conscripsit
634 4575 723 4640 nullo
747 4575 842 4640 modo
865 4576 1004 4660 perfossi
1026 4575 1161 4660 parietis
1184 4577 1353 4641 immemor
1376 4596 1444 4641 esse
1468 4575 1619 4658 potuerit.
1664 4572 1716 4637 Ex
1738 4572 1798 4637 hae
1821 4572 1923 4658 igitur

165 4678 282 4744 fabella
305 4680 432 4744 arabica
454 4703 566 4747 vereor
588 4704 635 4747 ne,
651 4681 733 4746 nihil
755 4682 841 4748 effici
864 4683 968 4767 possit
991 4683 1077 4767 quod
1100 4682 1140 4746 ad
1163 4680 1279 4746 Militis
1303 4681 1444 4747 Gloriosi
1471 4681 1568 4746 finem
1596 4679 1769 4764 pertineat,
1796 4678 1924 4745 etiamsi

165 4786 365 4872 exploratum
390 4793 487 4873 esset,
514 4788 548 4852 id
571 4788 657 4872 quod
680 4788 893 4854 demonstrari
916 4811 981 4854 non
1003 4794 1124 4875 potest,
1147 4789 1297 4853 fabellam
1321 4810 1359 4853 ex
1380 4787 1501 4853 Graeco
1520 4786 1693 4871 exemplari
1720 4785 1860 4850 fluxisse.

325 4894 433 4980 Atque
452 4894 583 4959 eandem
606 4895 764 4960 rationem
788 4896 821 4961 in
845 4896 1031 4980 decipiendo
1051 4896 1154 4961 milite
1173 4896 1343 4981 repetitam
1362 4917 1430 4960 esse
1450 4897 1518 4980 ipsc
1538 4916 1665 4979 quoque
1684 4891 1924 4958 Ribbeekins

164 5004 262 5088 negat
284 5023 314 5085 p.
330 5003 373 5067 64
386 5023 447 5086 sq:
471 5002 557 5067 ‘doch
576 5002 687 5086 911111
709 5003 758 5068 ieh
780 5003 887 5081 11111,
911 5004 982 5084 dass
1002 5005 1085 5086 jeaes
1107 5003 1276 5085 Veeirspiel
1299 5023 1357 5068 ech
1380 5003 1448 5067 deur
1463 5001 1669 5085 practichen
1692 4999 1821 5066 Dichter
1843 4999 1925 5065 auehe
