<?xml version="1.0" encoding="UTF-8"?>
<!DOCTYPE html PUBLIC "-//W3C//DTD XHTML 1.0 Transitional//EN"
    "http://www.w3.org/TR/xhtml1/DTD/xhtml1-transitional.dtd">
<html xmlns="http://www.w3.org/1999/xhtml" xml:lang="en" lang="en">
 <head>
  <title>
</title>
<meta http-equiv="Content-Type" content="text/html;charset=utf-8" />
  <meta name='ocr-system' content='tesseract 3.04.00' />
  <meta name='ocr-capabilities' content='ocr_page ocr_carea ocr_par ocr_line ocrx_word'/>
</head>
<body>
  <div class='ocr_page' id='page_1' title='image "./decompositionem00haspgoog_0026.png"; bbox 0 0 4186 5424; ppageno 0'>
   <div class='ocr_carea' id='block_1_1' title="bbox 932 233 976 304">
    <p class='ocr_par' dir='ltr' id='par_1_1' title="bbox 932 233 976 304">
     <span class='ocr_line' id='line_1_1' title="bbox 932 233 976 304; baseline 0.023 -1"><span class='ocrx_word' id='word_1_1' title='bbox 932 233 976 304; x_wconf 81' lang='lat'><strong>23</strong></span> 
     </span>
    </p>
   </div>
   <div class='ocr_carea' id='block_1_2' title="bbox 850 337 1065 356">
    <p class='ocr_par' dir='ltr' id='par_1_2' title="bbox 850 337 1065 356">
     <span class='ocr_line' id='line_1_2' title="bbox 850 337 1065 356; baseline 0.005 -11"><span class='ocrx_word' id='word_1_2' title='bbox 850 337 1065 356; x_wconf 80' lang='grc'><strong>-,-..-..</strong></span> 
     </span>
    </p>
   </div>
   <div class='ocr_carea' id='block_1_3' title="bbox 75 438 1911 3091">
    <p class='ocr_par' dir='ltr' id='par_1_3' title="bbox 151 438 1911 1816">
     <span class='ocr_line' id='line_1_3' title="bbox 290 438 1795 528; baseline 0.003 -24"><span class='ocrx_word' id='word_1_3' title='bbox 290 438 366 526; x_wconf 89' lang='lat' dir='ltr'><strong>(PL.</strong></span> <span class='ocrx_word' id='word_1_4' title='bbox 390 439 536 505; x_wconf 74' lang='lat' dir='ltr'>Hancine</span> <span class='ocrx_word' id='word_1_5' title='bbox 559 443 697 505; x_wconf 89' lang='grc'><strong>66666676</strong></span> <span class='ocrx_word' id='word_1_6' title='bbox 716 442 862 506; x_wconf 71' lang='lat' dir='ltr'>exercere</span> <span class='ocrx_word' id='word_1_7' title='bbox 885 442 949 506; x_wconf 89' lang='grc'><strong>6761</strong></span> <span class='ocrx_word' id='word_1_8' title='bbox 973 464 1023 506; x_wconf 87' lang='grc'><strong>766</strong></span> <span class='ocrx_word' id='word_1_9' title='bbox 1047 443 1167 507; x_wconf 87' lang='lat' dir='ltr'>amoris</span> <span class='ocrx_word' id='word_1_10' title='bbox 1191 443 1319 528; x_wconf 67' lang='lat' dir='ltr'>gratia?</span> <span class='ocrx_word' id='word_1_11' title='bbox 1744 470 1795 518; x_wconf 76' lang='grc'><strong>666</strong></span> 
     </span>
     <span class='ocr_line' id='line_1_4' title="bbox 289 544 1794 634; baseline 0.01 -24"><span class='ocrx_word' id='word_1_12' title='bbox 289 546 353 611; x_wconf 82' lang='lat' dir='ltr'><strong>PE.</strong></span> <span class='ocrx_word' id='word_1_13' title='bbox 378 544 462 622; x_wconf 86' lang='lat' dir='ltr'>Quid</span> <span class='ocrx_word' id='word_1_14' title='bbox 481 548 533 611; x_wconf 87' lang='lat' dir='ltr'><strong>ais</strong></span> <span class='ocrx_word' id='word_1_15' title='bbox 556 547 614 613; x_wconf 82' lang='lat' dir='ltr'>tu?</span> <span class='ocrx_word' id='word_1_16' title='bbox 638 548 725 612; x_wconf 84' lang='lat' dir='ltr'>itane</span> <span class='ocrx_word' id='word_1_17' title='bbox 748 547 810 613; x_wconf 79' lang='grc'><strong>67171</strong></span> <span class='ocrx_word' id='word_1_18' title='bbox 834 570 894 634; x_wconf 86' lang='lat' dir='ltr'>ego</span> <span class='ocrx_word' id='word_1_19' title='bbox 918 550 1031 614; x_wconf 90' lang='lat' dir='ltr'>uideor</span> <span class='ocrx_word' id='word_1_20' title='bbox 1054 550 1173 634; x_wconf 77' lang='lat' dir='ltr'>oppido</span> <span class='ocrx_word' id='word_1_21' title='bbox 1197 550 1456 618; x_wconf 78' lang='lat' dir='ltr'>Acherdnticus‘l</span> <span class='ocrx_word' id='word_1_22' title='bbox 1626 557 1629 563; x_wconf 84' lang='grc'><strong>’</strong></span> <span class='ocrx_word' id='word_1_23' title='bbox 1743 576 1794 625; x_wconf 85' lang='grc'><strong>667</strong></span> 
     </span>
     <span class='ocr_line' id='line_1_5' title="bbox 290 654 1794 739; baseline 0.007 -21"><span class='ocrx_word' id='word_1_24' title='bbox 290 654 370 718; x_wconf 76' lang='lat' dir='ltr'>Tam</span> <span class='ocrx_word' id='word_1_25' title='bbox 395 654 575 739; x_wconf 86' lang='lat' dir='ltr'>capularis?</span> <span class='ocrx_word' id='word_1_26' title='bbox 598 656 720 720; x_wconf 83' lang='lat' dir='ltr'>tamine</span> <span class='ocrx_word' id='word_1_27' title='bbox 743 656 804 720; x_wconf 93' lang='lat' dir='ltr'>tibi</span> <span class='ocrx_word' id='word_1_28' title='bbox 829 655 883 720; x_wconf 91' lang='lat' dir='ltr'>diu</span> <span class='ocrx_word' id='word_1_29' title='bbox 907 656 1020 722; x_wconf 90' lang='lat' dir='ltr'>uideor</span> <span class='ocrx_word' id='word_1_30' title='bbox 1042 656 1143 722; x_wconf 89' lang='lat' dir='ltr'>uitam</span> <span class='ocrx_word' id='word_1_31' title='bbox 1168 656 1300 723; x_wconf 81' lang='lat' dir='ltr'>uiuere?</span> <span class='ocrx_word' id='word_1_32' title='bbox 1743 682 1794 730; x_wconf 79' lang='grc'><strong>668</strong></span> 
     </span>
     <span class='ocr_line' id='line_1_6' title="bbox 289 761 1794 854; baseline 0.008 -29"><span class='ocrx_word' id='word_1_33' title='bbox 289 761 374 826; x_wconf 88' lang='lat' dir='ltr'>Nam</span> <span class='ocrx_word' id='word_1_34' title='bbox 398 761 546 845; x_wconf 70' lang='lat' dir='ltr'>equidem</span> <span class='ocrx_word' id='word_1_35' title='bbox 569 761 655 826; x_wconf 86' lang='lat' dir='ltr'>haud</span> <span class='ocrx_word' id='word_1_36' title='bbox 679 785 750 827; x_wconf 93' lang='lat' dir='ltr'>sum</span> <span class='ocrx_word' id='word_1_37' title='bbox 774 786 876 829; x_wconf 89' lang='lat' dir='ltr'>annos</span> <span class='ocrx_word' id='word_1_38' title='bbox 899 767 995 829; x_wconf 81' lang='grc'><strong>671666</strong></span> <span class='ocrx_word' id='word_1_39' title='bbox 1019 769 1146 848; x_wconf 88' lang='lat' dir='ltr'>praeter</span> <span class='ocrx_word' id='word_1_40' title='bbox 1169 764 1406 851; x_wconf 74' lang='lat' dir='ltr'>quinquaginta</span> <span class='ocrx_word' id='word_1_41' title='bbox 1429 771 1643 854; x_wconf 72' lang='lat' dir='ltr'>etquattuor,</span> <span class='ocrx_word' id='word_1_42' title='bbox 1743 790 1794 837; x_wconf 80' lang='lat' dir='ltr'><strong>ono</strong></span> 
     </span>
     <span class='ocr_line' id='line_1_7' title="bbox 291 868 1794 957; baseline 0.007 -24"><span class='ocrx_word' id='word_1_43' title='bbox 291 868 382 934; x_wconf 80' lang='grc'><strong>01676</strong></span> <span class='ocrx_word' id='word_1_44' title='bbox 406 868 508 933; x_wconf 88' lang='grc'><strong>666116</strong></span> <span class='ocrx_word' id='word_1_45' title='bbox 531 870 640 953; x_wconf 74' lang='lat' dir='ltr'>uideo,</span> <span class='ocrx_word' id='word_1_46' title='bbox 664 892 736 935; x_wconf 87' lang='lat' dir='ltr'>sum</span> <span class='ocrx_word' id='word_1_47' title='bbox 760 871 888 957; x_wconf 82' lang='lat' dir='ltr'><strong>pernix,</strong></span> <span class='ocrx_word' id='word_1_48' title='bbox 911 871 1062 936; x_wconf 74' lang='lat' dir='ltr'>manibus</span> <span class='ocrx_word' id='word_1_49' title='bbox 1090 871 1227 956; x_wconf 86' lang='lat' dir='ltr'>pedibus</span> <span class='ocrx_word' id='word_1_50' title='bbox 1251 873 1392 938; x_wconf 77' lang='lat' dir='ltr'>mobilis.</span> <span class='ocrx_word' id='word_1_51' title='bbox 1742 896 1794 944; x_wconf 86' lang='grc'><strong>636</strong></span> 
     </span>
     <span class='ocr_line' id='line_1_8' title="bbox 289 974 1791 1066; baseline 0.007 -26"><span class='ocrx_word' id='word_1_52' title='bbox 289 975 354 1042; x_wconf 86' lang='grc' dir='ltr'><strong>ΡΑ.</strong></span> <span class='ocrx_word' id='word_1_53' title='bbox 379 974 413 1040; x_wconf 88' lang='lat' dir='ltr'>Si</span> <span class='ocrx_word' id='word_1_54' title='bbox 437 975 655 1060; x_wconf 75' lang='lat' dir='ltr'>albicapillust</span> <span class='ocrx_word' id='word_1_55' title='bbox 678 976 746 1062; x_wconf 90' lang='grc'><strong>1716,</strong></span> <span class='ocrx_word' id='word_1_56' title='bbox 768 978 898 1043; x_wconf 88' lang='grc'><strong>61716667</strong></span> <span class='ocrx_word' id='word_1_57' title='bbox 920 1001 960 1043; x_wconf 92' lang='grc'><strong>66</strong></span> <span class='ocrx_word' id='word_1_58' title='bbox 984 978 1131 1062; x_wconf 82' lang='lat' dir='ltr'>utiquam</span> <span class='ocrx_word' id='word_1_59' title='bbox 1154 979 1195 1043; x_wconf 84' lang='lat' dir='ltr'>ab</span> <span class='ocrx_word' id='word_1_60' title='bbox 1215 979 1345 1064; x_wconf 76' lang='lat' dir='ltr'>ingenio</span> <span class='ocrx_word' id='word_1_61' title='bbox 1370 983 1479 1066; x_wconf 82' lang='lat' dir='ltr'>senex,</span> <span class='ocrx_word' id='word_1_62' title='bbox 1690 980 1693 985; x_wconf 64' lang='grc'>’</span> <span class='ocrx_word' id='word_1_63' title='bbox 1742 1003 1791 1051; x_wconf 84' lang='grc'><strong>661</strong></span> 
     </span>
     <span class='ocr_line' id='line_1_9' title="bbox 289 1061 1793 1177; baseline 0.001 -28"><span class='ocrx_word' id='word_1_64' title='bbox 289 1061 379 1149; x_wconf 85' lang='grc'><strong>16666</strong></span> <span class='ocrx_word' id='word_1_65' title='bbox 402 1083 435 1146; x_wconf 90' lang='grc'><strong>16</strong></span> <span class='ocrx_word' id='word_1_66' title='bbox 457 1082 519 1148; x_wconf 88' lang='grc'><strong>1766</strong></span> <span class='ocrx_word' id='word_1_67' title='bbox 542 1084 730 1149; x_wconf 80' lang='lat' dir='ltr'>emussitata</span> <span class='ocrx_word' id='word_1_68' title='bbox 753 1089 812 1149; x_wconf 81' lang='lat' dir='ltr'><strong>sua</strong></span> <span class='ocrx_word' id='word_1_69' title='bbox 829 1086 893 1150; x_wconf 89' lang='lat' dir='ltr'>sibi</span> <span class='ocrx_word' id='word_1_70' title='bbox 915 1087 1056 1171; x_wconf 88' lang='lat' dir='ltr'>ingenua</span> <span class='ocrx_word' id='word_1_71' title='bbox 1079 1085 1211 1177; x_wconf 86' lang='lat' dir='ltr'>indoles.</span> <span class='ocrx_word' id='word_1_72' title='bbox 1742 1110 1793 1158; x_wconf 78' lang='lat' dir='ltr'><strong>aaa</strong></span> 
     </span>
     <span class='ocr_line' id='line_1_10' title="bbox 289 1189 1793 1282; baseline 0.007 -28"><span class='ocrx_word' id='word_1_73' title='bbox 289 1191 342 1254; x_wconf 86' lang='lat' dir='ltr'><strong>Ph</strong></span> <span class='ocrx_word' id='word_1_74' title='bbox 375 1189 434 1254; x_wconf 76' lang='lat' dir='ltr'><strong>Pol</strong></span> <span class='ocrx_word' id='word_1_75' title='bbox 457 1190 490 1254; x_wconf 90' lang='lat' dir='ltr'>id</span> <span class='ocrx_word' id='word_1_76' title='bbox 514 1191 642 1274; x_wconf 90' lang='lat' dir='ltr'>quidem</span> <span class='ocrx_word' id='word_1_77' title='bbox 667 1192 814 1276; x_wconf 77' lang='lat' dir='ltr'>experior</span> <span class='ocrx_word' id='word_1_78' title='bbox 835 1193 882 1257; x_wconf 89' lang='grc'><strong>166</strong></span> <span class='ocrx_word' id='word_1_79' title='bbox 905 1215 973 1257; x_wconf 87' lang='grc'><strong>6666</strong></span> <span class='ocrx_word' id='word_1_80' title='bbox 996 1197 1034 1258; x_wconf 91' lang='grc'><strong>66</strong></span> <span class='ocrx_word' id='word_1_81' title='bbox 1055 1193 1233 1277; x_wconf 75' lang='lat' dir='ltr'>praedicas,</span> <span class='ocrx_word' id='word_1_82' title='bbox 1257 1194 1449 1260; x_wconf 70' lang='lat' dir='ltr'>Palaestrio:</span> <span class='ocrx_word' id='word_1_83' title='bbox 1636 1270 1641 1282; x_wconf 49' lang='grc'><strong>,</strong></span> <span class='ocrx_word' id='word_1_84' title='bbox 1741 1216 1793 1265; x_wconf 80' lang='grc'><strong>663</strong></span> 
     </span>
     <span class='ocr_line' id='line_1_11' title="bbox 164 1298 1792 1384; baseline 0.004 -21"><span class='ocrx_word' id='word_1_85' title='bbox 164 1368 165 1372; x_wconf 48' lang='lat'>,</span> <span class='ocrx_word' id='word_1_86' title='bbox 289 1298 375 1363; x_wconf 81' lang='lat' dir='ltr'>Nam</span> <span class='ocrx_word' id='word_1_87' title='bbox 399 1298 582 1383; x_wconf 74' lang='lat' dir='ltr'>benignitas</span> <span class='ocrx_word' id='word_1_88' title='bbox 607 1298 737 1383; x_wconf 87' lang='lat' dir='ltr'>quidam</span> <span class='ocrx_word' id='word_1_89' title='bbox 759 1298 856 1363; x_wconf 89' lang='lat' dir='ltr'>huius</span> <span class='ocrx_word' id='word_1_90' title='bbox 880 1300 998 1384; x_wconf 80' lang='lat' dir='ltr'>oppido</span> <span class='ocrx_word' id='word_1_91' title='bbox 1022 1300 1294 1365; x_wconf 73' lang='lat' dir='ltr'>adulescentulist.</span> <span class='ocrx_word' id='word_1_92' title='bbox 1741 1323 1792 1370; x_wconf 84' lang='grc'><strong>634</strong></span> 
     </span>
     <span class='ocr_line' id='line_1_12' title="bbox 290 1404 1789 1495; baseline 0.005 -26"><span class='ocrx_word' id='word_1_93' title='bbox 290 1404 354 1471; x_wconf 82' lang='grc' dir='ltr'><strong>ΡΕ.</strong></span> <span class='ocrx_word' id='word_1_94' title='bbox 378 1404 456 1469; x_wconf 85' lang='grc' dir='ltr'><strong>Ρ1716</strong></span> <span class='ocrx_word' id='word_1_95' title='bbox 480 1405 562 1469; x_wconf 85' lang='grc'><strong>716176</strong></span> <span class='ocrx_word' id='word_1_96' title='bbox 587 1427 683 1488; x_wconf 87' lang='lat' dir='ltr'>quam</span> <span class='ocrx_word' id='word_1_97' title='bbox 701 1406 893 1489; x_wconf 86' lang='lat' dir='ltr'>prae‘dicabo</span> <span class='ocrx_word' id='word_1_98' title='bbox 918 1429 956 1471; x_wconf 83' lang='lat' dir='ltr'>ex</span> <span class='ocrx_word' id='word_1_99' title='bbox 979 1409 1030 1472; x_wconf 87' lang='grc'><strong>766</strong></span> <span class='ocrx_word' id='word_1_100' title='bbox 1053 1407 1233 1473; x_wconf 86' lang='lat' dir='ltr'>uenustatis</span> <span class='ocrx_word' id='word_1_101' title='bbox 1257 1407 1343 1495; x_wconf 90' lang='lat' dir='ltr'>tibi.)</span> <span class='ocrx_word' id='word_1_102' title='bbox 1741 1428 1789 1476; x_wconf 84' lang='grc'><strong>657</strong></span> 
     </span>
     <span class='ocr_line' id='line_1_13' title="bbox 151 1492 1791 1596; baseline 0.004 -19"><span class='ocrx_word' id='word_1_103' title='bbox 151 1493 188 1549; x_wconf 51' lang='lat'><strong>&#39;³⁸</strong></span> <span class='ocrx_word' id='word_1_104' title='bbox 289 1492 334 1578; x_wconf 78' lang='lat' dir='ltr'>dt</span> <span class='ocrx_word' id='word_1_105' title='bbox 357 1512 418 1576; x_wconf 91' lang='lat' dir='ltr'>tibi</span> <span class='ocrx_word' id='word_1_106' title='bbox 441 1515 532 1576; x_wconf 89' lang='lat' dir='ltr'>tanto</span> <span class='ocrx_word' id='word_1_107' title='bbox 557 1512 700 1596; x_wconf 76' lang='lat' dir='ltr'>sumptui</span> <span class='ocrx_word' id='word_1_108' title='bbox 724 1534 792 1578; x_wconf 90' lang='grc'><strong>6666</strong></span> <span class='ocrx_word' id='word_1_109' title='bbox 816 1512 897 1578; x_wconf 80' lang='lat' dir='ltr'>mihi</span> <span class='ocrx_word' id='word_1_110' title='bbox 921 1513 1133 1579; x_wconf 89' lang='lat' dir='ltr'>molestumst.</span> <span class='ocrx_word' id='word_1_111' title='bbox 1179 1514 1244 1579; x_wconf 84' lang='lat' dir='ltr'><strong>PE.</strong></span> <span class='ocrx_word' id='word_1_112' title='bbox 1262 1513 1375 1580; x_wconf 78' lang='lat' dir='ltr'>Morus</span> <span class='ocrx_word' id='word_1_113' title='bbox 1398 1497 1440 1581; x_wconf 88' lang='grc'><strong>66.</strong></span> <span class='ocrx_word' id='word_1_114' title='bbox 1741 1536 1791 1583; x_wconf 82' lang='grc'><strong>676</strong></span> 
     </span>
     <span class='ocr_line' id='line_1_14' title="bbox 288 1618 1791 1706; baseline 0.003 -21"><span class='ocrx_word' id='word_1_115' title='bbox 288 1618 431 1686; x_wconf 83' lang='grc'><strong>1166716</strong></span> <span class='ocrx_word' id='word_1_116' title='bbox 455 1618 538 1683; x_wconf 86' lang='lat' dir='ltr'>mala</span> <span class='ocrx_word' id='word_1_117' title='bbox 562 1641 661 1684; x_wconf 86' lang='lat' dir='ltr'>uxore</span> <span class='ocrx_word' id='word_1_118' title='bbox 680 1622 776 1704; x_wconf 84' lang='grc'><strong>666776</strong></span> <span class='ocrx_word' id='word_1_119' title='bbox 800 1620 930 1686; x_wconf 88' lang='grc'><strong>16176166</strong></span> <span class='ocrx_word' id='word_1_120' title='bbox 954 1621 1080 1705; x_wconf 86' lang='grc'><strong>6166171</strong></span> <span class='ocrx_word' id='word_1_121' title='bbox 1102 1644 1226 1705; x_wconf 88' lang='grc'><strong>666766,</strong></span> <span class='ocrx_word' id='word_1_122' title='bbox 1249 1627 1398 1706; x_wconf 76' lang='lat' dir='ltr'>sumptus</span> <span class='ocrx_word' id='word_1_123' title='bbox 1421 1627 1483 1688; x_wconf 88' lang='lat' dir='ltr'>est:</span> <span class='ocrx_word' id='word_1_124' title='bbox 1740 1643 1791 1689; x_wconf 84' lang='grc'><strong>673</strong></span> 
     </span>
     <span class='ocr_line' id='line_1_15' title="bbox 290 1705 1911 1816; baseline 0.001 -23"><span class='ocrx_word' id='word_1_125' title='bbox 290 1705 328 1793; x_wconf 86' lang='grc'><strong>16</strong></span> <span class='ocrx_word' id='word_1_126' title='bbox 351 1727 437 1791; x_wconf 88' lang='grc'><strong>17666</strong></span> <span class='ocrx_word' id='word_1_127' title='bbox 459 1725 588 1810; x_wconf 78' lang='lat' dir='ltr'>hospite</span> <span class='ocrx_word' id='word_1_128' title='bbox 611 1729 707 1811; x_wconf 84' lang='grc'><strong>66666</strong></span> <span class='ocrx_word' id='word_1_129' title='bbox 730 1728 833 1793; x_wconf 85' lang='lat' dir='ltr'>amico</span> <span class='ocrx_word' id='word_1_130' title='bbox 857 1730 1010 1812; x_wconf 72' lang='lat' dir='ltr'>quaestus</span> <span class='ocrx_word' id='word_1_131' title='bbox 1028 1732 1078 1793; x_wconf 88' lang='lat' dir='ltr'><strong>est</strong></span> <span class='ocrx_word' id='word_1_132' title='bbox 1097 1730 1183 1814; x_wconf 90' lang='lat' dir='ltr'>quod</span> <span class='ocrx_word' id='word_1_133' title='bbox 1206 1729 1359 1816; x_wconf 75' lang='lat' dir='ltr'>sumitur,</span> <span class='ocrx_word' id='word_1_134' title='bbox 1740 1749 1792 1797; x_wconf 76' lang='grc'><strong>674</strong></span> <span class='ocrx_word' id='word_1_135' title='bbox 1907 1788 1911 1795; x_wconf 94' lang='grc'><strong>.</strong></span> 
     </span>
    </p>

    <p class='ocr_par' dir='ltr' id='par_1_4' title="bbox 289 1833 1792 1920">
     <span class='ocr_line' id='line_1_16' title="bbox 289 1833 1792 1920; baseline 0.003 -21"><span class='ocrx_word' id='word_1_136' title='bbox 289 1834 394 1899; x_wconf 77' lang='lat' dir='ltr'>Derim</span> <span class='ocrx_word' id='word_1_137' title='bbox 413 1833 534 1898; x_wconf 89' lang='lat' dir='ltr'>uirtute</span> <span class='ocrx_word' id='word_1_138' title='bbox 557 1838 607 1899; x_wconf 89' lang='grc'><strong>666</strong></span> <span class='ocrx_word' id='word_1_139' title='bbox 629 1837 661 1898; x_wconf 90' lang='lat' dir='ltr'><strong>te</strong></span> <span class='ocrx_word' id='word_1_140' title='bbox 683 1834 769 1899; x_wconf 85' lang='grc'><strong>716716</strong></span> <span class='ocrx_word' id='word_1_141' title='bbox 792 1835 935 1919; x_wconf 88' lang='lat' dir='ltr'>hospitio</span> <span class='ocrx_word' id='word_1_142' title='bbox 955 1836 1109 1920; x_wconf 76' lang='lat' dir='ltr'><strong>accipiam</strong></span> <span class='ocrx_word' id='word_1_143' title='bbox 1133 1835 1218 1920; x_wconf 86' lang='lat' dir='ltr'>apud</span> <span class='ocrx_word' id='word_1_144' title='bbox 1240 1858 1292 1901; x_wconf 92' lang='grc'><strong>676</strong></span> <span class='ocrx_word' id='word_1_145' title='bbox 1315 1838 1462 1901; x_wconf 78' lang='lat' dir='ltr'>comiter:</span> <span class='ocrx_word' id='word_1_146' title='bbox 1740 1856 1792 1904; x_wconf 92' lang='grc'><strong>676</strong></span> 
     </span>
    </p>

    <p class='ocr_par' dir='ltr' id='par_1_5' title="bbox 289 1922 1792 2027">
     <span class='ocr_line' id='line_1_17' title="bbox 289 1922 1792 2027; baseline 0.003 -21"><span class='ocrx_word' id='word_1_147' title='bbox 289 1922 348 2026; x_wconf 68' lang='lat' dir='ltr'>Es,</span> <span class='ocrx_word' id='word_1_148' title='bbox 372 1941 459 2024; x_wconf 84' lang='lat' dir='ltr'>bibe,</span> <span class='ocrx_word' id='word_1_149' title='bbox 483 1941 590 2006; x_wconf 87' lang='lat' dir='ltr'>animo</span> <span class='ocrx_word' id='word_1_150' title='bbox 614 1941 789 2024; x_wconf 73' lang='lat' dir='ltr'>obsequere</span> <span class='ocrx_word' id='word_1_151' title='bbox 811 1964 937 2007; x_wconf 90' lang='lat' dir='ltr'>mecum</span> <span class='ocrx_word' id='word_1_152' title='bbox 960 1946 1057 2027; x_wconf 88' lang='lat' dir='ltr'>atque</span> <span class='ocrx_word' id='word_1_153' title='bbox 1080 1944 1178 2007; x_wconf 85' lang='grc'><strong>66676</strong></span> <span class='ocrx_word' id='word_1_154' title='bbox 1200 1947 1232 2008; x_wconf 97' lang='grc'><strong>66</strong></span> <span class='ocrx_word' id='word_1_155' title='bbox 1246 1942 1473 2010; x_wconf 82' lang='lat' dir='ltr'>hilaritudine.</span> <span class='ocrx_word' id='word_1_156' title='bbox 1740 1963 1792 2011; x_wconf 92' lang='grc'><strong>677</strong></span> 
     </span>
    </p>

    <p class='ocr_par' dir='ltr' id='par_1_6' title="bbox 289 2048 1791 2135">
     <span class='ocr_line' id='line_1_18' title="bbox 289 2048 1791 2135; baseline 0.003 -22"><span class='ocrx_word' id='word_1_157' title='bbox 289 2048 424 2113; x_wconf 81' lang='lat' dir='ltr'>Liberae</span> <span class='ocrx_word' id='word_1_158' title='bbox 447 2052 523 2113; x_wconf 89' lang='lat' dir='ltr'>sunt</span> <span class='ocrx_word' id='word_1_159' title='bbox 546 2048 652 2131; x_wconf 89' lang='grc'><strong>667166,</strong></span> <span class='ocrx_word' id='word_1_160' title='bbox 675 2048 758 2112; x_wconf 87' lang='grc'><strong>111767</strong></span> <span class='ocrx_word' id='word_1_161' title='bbox 780 2071 853 2113; x_wconf 88' lang='grc'><strong>6667</strong></span> <span class='ocrx_word' id='word_1_162' title='bbox 875 2053 983 2114; x_wconf 80' lang='lat' dir='ltr'>autem</span> <span class='ocrx_word' id='word_1_163' title='bbox 1007 2072 1081 2135; x_wconf 84' lang='lat' dir='ltr'>ego,</span> <span class='ocrx_word' id='word_1_164' title='bbox 1104 2050 1149 2114; x_wconf 94' lang='lat' dir='ltr'>mi</span> <span class='ocrx_word' id='word_1_165' title='bbox 1169 2050 1244 2116; x_wconf 92' lang='lat' dir='ltr'>uolo</span> <span class='ocrx_word' id='word_1_166' title='bbox 1268 2049 1386 2116; x_wconf 88' lang='lat' dir='ltr'>uiuere.</span> <span class='ocrx_word' id='word_1_167' title='bbox 1740 2069 1791 2117; x_wconf 82' lang='grc'><strong>676</strong></span> 
     </span>
    </p>

    <p class='ocr_par' dir='ltr' id='par_1_7' title="bbox 289 2154 1790 2240">
     <span class='ocr_line' id='line_1_19' title="bbox 289 2154 1790 2240; baseline 0.003 -21"><span class='ocrx_word' id='word_1_168' title='bbox 289 2155 355 2222; x_wconf 88' lang='lat' dir='ltr'><strong>PA.</strong></span> <span class='ocrx_word' id='word_1_169' title='bbox 379 2156 428 2220; x_wconf 80' lang='lat' dir='ltr'><strong>Tu</strong></span> <span class='ocrx_word' id='word_1_170' title='bbox 451 2154 549 2219; x_wconf 92' lang='lat' dir='ltr'>homo</span> <span class='ocrx_word' id='word_1_171' title='bbox 574 2159 606 2219; x_wconf 95' lang='lat' dir='ltr'><strong>et</strong></span> <span class='ocrx_word' id='word_1_172' title='bbox 629 2155 725 2220; x_wconf 83' lang='lat' dir='ltr'>alteri</span> <span class='ocrx_word' id='word_1_173' title='bbox 746 2156 908 2240; x_wconf 72' lang='lat' dir='ltr'>sapienter</span> <span class='ocrx_word' id='word_1_174' title='bbox 930 2156 1018 2240; x_wconf 90' lang='lat' dir='ltr'>p6tis</span> <span class='ocrx_word' id='word_1_175' title='bbox 1041 2179 1075 2221; x_wconf 88' lang='lat' dir='ltr'><strong>es</strong></span> <span class='ocrx_word' id='word_1_176' title='bbox 1098 2157 1264 2221; x_wconf 89' lang='lat' dir='ltr'>consulere</span> <span class='ocrx_word' id='word_1_177' title='bbox 1287 2156 1412 2222; x_wconf 85' lang='grc'><strong>6661171.</strong></span> <span class='ocrx_word' id='word_1_178' title='bbox 1739 2176 1790 2224; x_wconf 82' lang='lat'><strong>684</strong></span> 
     </span>
    </p>

    <p class='ocr_par' dir='ltr' id='par_1_8' title="bbox 290 2261 1790 2348">
     <span class='ocr_line' id='line_1_20' title="bbox 290 2261 1790 2348; baseline 0.001 -20"><span class='ocrx_word' id='word_1_179' title='bbox 290 2263 352 2328; x_wconf 94' lang='lat' dir='ltr'><strong>PL.</strong></span> <span class='ocrx_word' id='word_1_180' title='bbox 376 2261 461 2327; x_wconf 83' lang='lat' dir='ltr'>Huic</span> <span class='ocrx_word' id='word_1_181' title='bbox 484 2262 609 2327; x_wconf 91' lang='lat' dir='ltr'>homini</span> <span class='ocrx_word' id='word_1_182' title='bbox 632 2262 799 2348; x_wconf 80' lang='lat' dir='ltr'>dignumst</span> <span class='ocrx_word' id='word_1_183' title='bbox 822 2262 952 2328; x_wconf 89' lang='lat' dir='ltr'>diuitias</span> <span class='ocrx_word' id='word_1_184' title='bbox 975 2265 1045 2329; x_wconf 88' lang='grc'><strong>6666</strong></span> <span class='ocrx_word' id='word_1_185' title='bbox 1068 2268 1101 2328; x_wconf 90' lang='grc'><strong>66</strong></span> <span class='ocrx_word' id='word_1_186' title='bbox 1124 2264 1179 2329; x_wconf 89' lang='grc'><strong>7116</strong></span> <span class='ocrx_word' id='word_1_187' title='bbox 1203 2265 1306 2329; x_wconf 85' lang='grc'><strong>616667</strong></span> <span class='ocrx_word' id='word_1_188' title='bbox 1330 2263 1410 2346; x_wconf 79' lang='lat' dir='ltr'>dari,</span> <span class='ocrx_word' id='word_1_189' title='bbox 1740 2282 1790 2331; x_wconf 83' lang='grc'><strong>766</strong></span> 
     </span>
    </p>

    <p class='ocr_par' dir='ltr' id='par_1_9' title="bbox 291 2369 1790 2455">
     <span class='ocr_line' id='line_1_21' title="bbox 291 2369 1790 2455; baseline 0.001 -21"><span class='ocrx_word' id='word_1_190' title='bbox 291 2369 353 2447; x_wconf 88' lang='lat' dir='ltr'>Qui</span> <span class='ocrx_word' id='word_1_191' title='bbox 376 2372 409 2434; x_wconf 91' lang='grc'><strong>66</strong></span> <span class='ocrx_word' id='word_1_192' title='bbox 431 2392 498 2434; x_wconf 88' lang='grc'><strong>7667</strong></span> <span class='ocrx_word' id='word_1_193' title='bbox 522 2374 630 2435; x_wconf 89' lang='lat' dir='ltr'>seruat</span> <span class='ocrx_word' id='word_1_194' title='bbox 653 2372 686 2434; x_wconf 89' lang='grc'><strong>66</strong></span> <span class='ocrx_word' id='word_1_195' title='bbox 708 2392 742 2435; x_wconf 86' lang='lat' dir='ltr'><strong>se</strong></span> <span class='ocrx_word' id='word_1_196' title='bbox 765 2371 845 2436; x_wconf 90' lang='lat' dir='ltr'>bene</span> <span class='ocrx_word' id='word_1_197' title='bbox 868 2370 966 2435; x_wconf 89' lang='lat' dir='ltr'>habet</span> <span class='ocrx_word' id='word_1_198' title='bbox 988 2371 1120 2455; x_wconf 84' lang='lat' dir='ltr'>suisque</span> <span class='ocrx_word' id='word_1_199' title='bbox 1143 2371 1254 2435; x_wconf 91' lang='lat' dir='ltr'>amicis</span> <span class='ocrx_word' id='word_1_200' title='bbox 1277 2370 1391 2435; x_wconf 84' lang='grc'><strong>7166166.</strong></span> <span class='ocrx_word' id='word_1_201' title='bbox 1740 2389 1790 2437; x_wconf 75' lang='grc'><strong>764</strong></span> 
     </span>
    </p>

    <p class='ocr_par' dir='ltr' id='par_1_10' title="bbox 236 2455 1832 2670">
     <span class='ocr_line' id='line_1_22' title="bbox 290 2455 1790 2563; baseline 0.002 -22"><span class='ocrx_word' id='word_1_202' title='bbox 290 2476 355 2542; x_wconf 69' lang='lat' dir='ltr'><strong>Ph</strong></span> <span class='ocrx_word' id='word_1_203' title='bbox 379 2455 485 2563; x_wconf 85' lang='lat' dir='ltr'>lgitur</span> <span class='ocrx_word' id='word_1_204' title='bbox 507 2477 541 2542; x_wconf 90' lang='lat' dir='ltr'>id</span> <span class='ocrx_word' id='word_1_205' title='bbox 559 2477 646 2561; x_wconf 89' lang='lat' dir='ltr'>quod</span> <span class='ocrx_word' id='word_1_206' title='bbox 668 2478 777 2563; x_wconf 73' lang='lat' dir='ltr'>agitur</span> <span class='ocrx_word' id='word_1_207' title='bbox 798 2477 864 2562; x_wconf 91' lang='grc'><strong>1716,</strong></span> <span class='ocrx_word' id='word_1_208' title='bbox 887 2500 972 2542; x_wconf 89' lang='grc'><strong>6666</strong></span> <span class='ocrx_word' id='word_1_209' title='bbox 994 2477 1135 2563; x_wconf 84' lang='lat' dir='ltr'>primum</span> <span class='ocrx_word' id='word_1_210' title='bbox 1157 2476 1324 2562; x_wconf 81' lang='lat' dir='ltr'>praeuerti</span> <span class='ocrx_word' id='word_1_211' title='bbox 1345 2477 1443 2545; x_wconf 90' lang='lat' dir='ltr'>decet.</span> <span class='ocrx_word' id='word_1_212' title='bbox 1739 2495 1790 2545; x_wconf 81' lang='grc'><strong>765</strong></span> 
     </span>
     <span class='ocr_line' id='line_1_23' title="bbox 236 2580 1832 2670; baseline 0.003 -22"><span class='ocrx_word' id='word_1_213' title='bbox 236 2585 340 2649; x_wconf 90' lang='lat' dir='ltr'>Versu</span> <span class='ocrx_word' id='word_1_214' title='bbox 364 2586 427 2650; x_wconf 83' lang='lat'><strong>631</strong></span> <span class='ocrx_word' id='word_1_215' title='bbox 454 2584 568 2668; x_wconf 84' lang='lat' dir='ltr'>scripsi</span> <span class='ocrx_word' id='word_1_216' title='bbox 598 2586 817 2666; x_wconf 80' lang='lat' dir='ltr'>albicapillust,</span> <span class='ocrx_word' id='word_1_217' title='bbox 840 2607 869 2649; x_wconf 86' lang='lat' dir='ltr'><strong>v.</strong></span> <span class='ocrx_word' id='word_1_218' title='bbox 889 2587 953 2652; x_wconf 90' lang='lat'><strong>678</strong></span> <span class='ocrx_word' id='word_1_219' title='bbox 976 2586 1035 2670; x_wconf 83' lang='lat' dir='ltr'><strong>mi,</strong></span> <span class='ocrx_word' id='word_1_220' title='bbox 1059 2586 1135 2670; x_wconf 89' lang='lat' dir='ltr'>quia</span> <span class='ocrx_word' id='word_1_221' title='bbox 1158 2585 1217 2650; x_wconf 90' lang='lat' dir='ltr'>sub</span> <span class='ocrx_word' id='word_1_222' title='bbox 1242 2606 1320 2650; x_wconf 88' lang='grc'><strong>7666</strong></span> <span class='ocrx_word' id='word_1_223' title='bbox 1338 2580 1464 2669; x_wconf 86' lang='lat' dir='ltr'>‘metu’,</span> <span class='ocrx_word' id='word_1_224' title='bbox 1492 2607 1574 2669; x_wconf 87' lang='lat' dir='ltr'>quac</span> <span class='ocrx_word' id='word_1_225' title='bbox 1597 2590 1647 2651; x_wconf 87' lang='lat' dir='ltr'><strong>est</strong></span> <span class='ocrx_word' id='word_1_226' title='bbox 1670 2587 1703 2649; x_wconf 94' lang='lat' dir='ltr'>in</span> <span class='ocrx_word' id='word_1_227' title='bbox 1727 2585 1832 2665; x_wconf 85' lang='lat' dir='ltr'><strong><em>BCD,</em></strong></span> 
     </span>
    </p>

    <p class='ocr_par' dir='ltr' id='par_1_11' title="bbox 75 2691 1479 2777">
     <span class='ocr_line' id='line_1_24' title="bbox 75 2691 1479 2777; baseline 0.004 -22"><span class='ocrx_word' id='word_1_228' title='bbox 75 2691 203 2756; x_wconf 87' lang='grc'><strong>71716667</strong></span> <span class='ocrx_word' id='word_1_229' title='bbox 225 2692 304 2756; x_wconf 82' lang='lat' dir='ltr'>mibi</span> <span class='ocrx_word' id='word_1_230' title='bbox 326 2692 438 2775; x_wconf 83' lang='lat' dir='ltr'>latere,</span> <span class='ocrx_word' id='word_1_231' title='bbox 461 2713 555 2757; x_wconf 88' lang='lat' dir='ltr'>versu</span> <span class='ocrx_word' id='word_1_232' title='bbox 581 2692 644 2758; x_wconf 83' lang='lat'><strong>765</strong></span> <span class='ocrx_word' id='word_1_233' title='bbox 667 2693 717 2757; x_wconf 86' lang='grc'><strong>1716</strong></span> <span class='ocrx_word' id='word_1_234' title='bbox 738 2714 821 2758; x_wconf 71' lang='lat' dir='ltr'>natac</span> <span class='ocrx_word' id='word_1_235' title='bbox 844 2691 957 2777; x_wconf 80' lang='lat' dir='ltr'>scripsi</span> <span class='ocrx_word' id='word_1_236' title='bbox 975 2715 1034 2777; x_wconf 90' lang='lat' dir='ltr'><strong>pro</strong></span> <span class='ocrx_word' id='word_1_237' title='bbox 1058 2692 1204 2758; x_wconf 90' lang='lat' dir='ltr'>codicum</span> <span class='ocrx_word' id='word_1_238' title='bbox 1227 2692 1387 2777; x_wconf 89' lang='lat' dir='ltr'>scriptura</span> <span class='ocrx_word' id='word_1_239' title='bbox 1408 2692 1479 2760; x_wconf 91' lang='lat' dir='ltr'>hic.</span> 
     </span>
    </p>

    <p class='ocr_par' dir='ltr' id='par_1_12' title="bbox 76 2797 1835 3091">
     <span class='ocr_line' id='line_1_25' title="bbox 236 2797 1835 2884; baseline 0.001 -21"><span class='ocrx_word' id='word_1_240' title='bbox 236 2797 274 2863; x_wconf 93' lang='lat' dir='ltr'><strong>In</strong></span> <span class='ocrx_word' id='word_1_241' title='bbox 305 2799 351 2864; x_wconf 88' lang='grc'><strong>616</strong></span> <span class='ocrx_word' id='word_1_242' title='bbox 382 2821 462 2883; x_wconf 91' lang='grc'><strong>6666</strong></span> <span class='ocrx_word' id='word_1_243' title='bbox 496 2803 674 2883; x_wconf 90' lang='lat' dir='ltr'>sequuntur</span> <span class='ocrx_word' id='word_1_244' title='bbox 703 2804 876 2884; x_wconf 91' lang='lat' dir='ltr'>utrumque</span> <span class='ocrx_word' id='word_1_245' title='bbox 912 2803 1015 2882; x_wconf 77' lang='grc'><strong>1166776</strong></span> <span class='ocrx_word' id='word_1_246' title='bbox 1044 2799 1138 2864; x_wconf 92' lang='grc'><strong>161616</strong></span> <span class='ocrx_word' id='word_1_247' title='bbox 1168 2822 1319 2866; x_wconf 85' lang='grc'><strong>7767677667</strong></span> <span class='ocrx_word' id='word_1_248' title='bbox 1350 2800 1413 2865; x_wconf 94' lang='grc'><strong>111</strong></span> <span class='ocrx_word' id='word_1_249' title='bbox 1445 2803 1477 2864; x_wconf 86' lang='grc'><strong>66</strong></span> <span class='ocrx_word' id='word_1_250' title='bbox 1508 2800 1571 2866; x_wconf 92' lang='grc'><strong>118</strong></span> <span class='ocrx_word' id='word_1_251' title='bbox 1601 2800 1743 2884; x_wconf 89' lang='lat' dir='ltr'>positum</span> <span class='ocrx_word' id='word_1_252' title='bbox 1772 2800 1835 2865; x_wconf 86' lang='lat' dir='ltr'>for-</span> 
     </span>
     <span class='ocr_line' id='line_1_26' title="bbox 76 2905 1834 2975; baseline 0.001 -5"><span class='ocrx_word' id='word_1_253' title='bbox 76 2911 161 2971; x_wconf 87' lang='lat' dir='ltr'>tasse</span> <span class='ocrx_word' id='word_1_254' title='bbox 181 2906 298 2971; x_wconf 89' lang='lat' dir='ltr'>indicio</span> <span class='ocrx_word' id='word_1_255' title='bbox 322 2910 371 2971; x_wconf 86' lang='lat' dir='ltr'><strong>est</strong></span> <span class='ocrx_word' id='word_1_256' title='bbox 389 2929 515 2971; x_wconf 83' lang='lat' dir='ltr'>versum</span> <span class='ocrx_word' id='word_1_257' title='bbox 536 2909 598 2973; x_wconf 92' lang='lat'><strong>777</strong></span> <span class='ocrx_word' id='word_1_258' title='bbox 619 2906 720 2971; x_wconf 90' lang='grc'><strong>6166777</strong></span> <span class='ocrx_word' id='word_1_259' title='bbox 742 2906 925 2971; x_wconf 88' lang='lat' dir='ltr'>recensione</span> <span class='ocrx_word' id='word_1_260' title='bbox 949 2907 1108 2973; x_wconf 89' lang='lat' dir='ltr'>adiectum</span> <span class='ocrx_word' id='word_1_261' title='bbox 1132 2928 1209 2975; x_wconf 86' lang='grc'><strong>6666.</strong></span> <span class='ocrx_word' id='word_1_262' title='bbox 1247 2906 1299 2971; x_wconf 90' lang='grc' dir='ltr'><strong>Α6</strong></span> <span class='ocrx_word' id='word_1_263' title='bbox 1320 2928 1431 2972; x_wconf 88' lang='grc'><strong>767666</strong></span> <span class='ocrx_word' id='word_1_264' title='bbox 1456 2908 1519 2973; x_wconf 91' lang='lat'><strong>778</strong></span> <span class='ocrx_word' id='word_1_265' title='bbox 1544 2907 1641 2971; x_wconf 89' lang='lat' dir='ltr'>verba</span> <span class='ocrx_word' id='word_1_266' title='bbox 1664 2905 1834 2972; x_wconf 85' lang='lat' dir='ltr'>Pleusiclia</span> 
     </span>
     <span class='ocr_line' id='line_1_27' title="bbox 76 3012 1835 3091; baseline 0 -13"><span class='ocrx_word' id='word_1_267' title='bbox 76 3013 233 3091; x_wconf 88' lang='lat' dir='ltr'>continet,</span> <span class='ocrx_word' id='word_1_268' title='bbox 260 3014 312 3078; x_wconf 92' lang='lat' dir='ltr'>cui</span> <span class='ocrx_word' id='word_1_269' title='bbox 335 3012 512 3078; x_wconf 84' lang='lat' dir='ltr'>Palaestrio</span> <span class='ocrx_word' id='word_1_270' title='bbox 541 3013 623 3078; x_wconf 90' lang='lat' dir='ltr'>hanc</span> <span class='ocrx_word' id='word_1_271' title='bbox 652 3035 720 3078; x_wconf 86' lang='grc'><strong>7676</strong></span> <span class='ocrx_word' id='word_1_272' title='bbox 750 3013 812 3078; x_wconf 87' lang='grc'><strong>6116</strong></span> <span class='ocrx_word' id='word_1_273' title='bbox 840 3013 1006 3079; x_wconf 85' lang='lat' dir='ltr'>occasione</span> <span class='ocrx_word' id='word_1_274' title='bbox 1035 3015 1109 3079; x_wconf 89' lang='lat' dir='ltr'>data</span> <span class='ocrx_word' id='word_1_275' title='bbox 1136 3014 1343 3080; x_wconf 84' lang='lat' dir='ltr'>narraverat?</span> <span class='ocrx_word' id='word_1_276' title='bbox 1387 3013 1475 3080; x_wconf 90' lang='lat' dir='ltr'><strong>Num</strong></span> <span class='ocrx_word' id='word_1_277' title='bbox 1500 3015 1564 3080; x_wconf 86' lang='lat'><strong>779</strong></span> <span class='ocrx_word' id='word_1_278' title='bbox 1589 3018 1621 3079; x_wconf 87' lang='lat' dir='ltr'><strong>et</strong></span> <span class='ocrx_word' id='word_1_279' title='bbox 1646 3014 1710 3082; x_wconf 92' lang='lat'><strong>780</strong></span> <span class='ocrx_word' id='word_1_280' title='bbox 1734 3014 1835 3079; x_wconf 88' lang='lat' dir='ltr'>altera</span> 
     </span>
    </p>
   </div>
   <div class='ocr_carea' id='block_1_4' title="bbox 75 3120 1967 3205">
    <p class='ocr_par' dir='ltr' id='par_1_13' title="bbox 75 3120 1967 3205">
     <span class='ocr_line' id='line_1_28' title="bbox 75 3120 1967 3205; baseline 0.001 -21"><span class='ocrx_word' id='word_1_281' title='bbox 75 3120 261 3186; x_wconf 88' lang='lat' dir='ltr'>recensione</span> <span class='ocrx_word' id='word_1_282' title='bbox 284 3120 426 3185; x_wconf 86' lang='lat' dir='ltr'>adiuncti</span> <span class='ocrx_word' id='word_1_283' title='bbox 450 3120 528 3204; x_wconf 89' lang='lat' dir='ltr'>sint,</span> <span class='ocrx_word' id='word_1_284' title='bbox 552 3121 586 3185; x_wconf 93' lang='lat' dir='ltr'>in</span> <span class='ocrx_word' id='word_1_285' title='bbox 609 3121 714 3185; x_wconf 90' lang='lat' dir='ltr'>medio</span> <span class='ocrx_word' id='word_1_286' title='bbox 739 3120 894 3205; x_wconf 89' lang='lat' dir='ltr'>relinquo.</span> <span class='ocrx_word' id='word_1_287' title='bbox 936 3121 1049 3187; x_wconf 86' lang='lat' dir='ltr'>Potest</span> <span class='ocrx_word' id='word_1_288' title='bbox 1072 3121 1168 3187; x_wconf 88' lang='lat' dir='ltr'>etiam</span> <span class='ocrx_word' id='word_1_289' title='bbox 1192 3145 1220 3187; x_wconf 89' lang='grc'><strong>7.</strong></span> <span class='ocrx_word' id='word_1_290' title='bbox 1241 3125 1305 3189; x_wconf 92' lang='grc'><strong>119</strong></span> <span class='ocrx_word' id='word_1_291' title='bbox 1329 3144 1345 3186; x_wconf 94' lang='grc'><strong>6</strong></span> <span class='ocrx_word' id='word_1_292' title='bbox 1369 3121 1493 3186; x_wconf 87' lang='grc'><strong>71661766</strong></span> <span class='ocrx_word' id='word_1_293' title='bbox 1512 3121 1657 3186; x_wconf 83' lang='grc'><strong>76761666</strong></span> <span class='ocrx_word' id='word_1_294' title='bbox 1676 3121 1835 3186; x_wconf 84' lang='grc'><strong>6661177666</strong></span> <span class='ocrx_word' id='word_1_295' title='bbox 1963 3124 1967 3133; x_wconf 88' lang='grc'>’</span> 
     </span>
    </p>
   </div>
   <div class='ocr_carea' id='block_1_5' title="bbox 75 3227 1836 5119">
    <p class='ocr_par' dir='ltr' id='par_1_14' title="bbox 75 3227 1835 3508">
     <span class='ocr_line' id='line_1_29' title="bbox 76 3227 1835 3314; baseline 0.001 -21"><span class='ocrx_word' id='word_1_296' title='bbox 76 3249 160 3312; x_wconf 88' lang='grc'><strong>6666,</strong></span> <span class='ocrx_word' id='word_1_297' title='bbox 187 3228 233 3292; x_wconf 88' lang='grc'><strong>166</strong></span> <span class='ocrx_word' id='word_1_298' title='bbox 263 3227 392 3312; x_wconf 87' lang='grc'><strong>66171676</strong></span> <span class='ocrx_word' id='word_1_299' title='bbox 421 3231 457 3292; x_wconf 89' lang='grc'><strong>66</strong></span> <span class='ocrx_word' id='word_1_300' title='bbox 487 3228 561 3292; x_wconf 83' lang='grc'><strong>11616</strong></span> <span class='ocrx_word' id='word_1_301' title='bbox 587 3227 680 3292; x_wconf 87' lang='grc'><strong>616671</strong></span> <span class='ocrx_word' id='word_1_302' title='bbox 709 3230 767 3312; x_wconf 95' lang='lat'><strong>(-</strong></span> <span class='ocrx_word' id='word_1_303' title='bbox 791 3231 933 3312; x_wconf 80' lang='grc'><strong>6767177776)</strong></span> <span class='ocrx_word' id='word_1_304' title='bbox 960 3228 1053 3294; x_wconf 88' lang='grc'><strong>616671</strong></span> <span class='ocrx_word' id='word_1_305' title='bbox 1081 3234 1177 3314; x_wconf 88' lang='lat' dir='ltr'>caput</span> <span class='ocrx_word' id='word_1_306' title='bbox 1205 3229 1296 3294; x_wconf 86' lang='lat' dir='ltr'>desit.</span> <span class='ocrx_word' id='word_1_307' title='bbox 1346 3228 1398 3294; x_wconf 85' lang='lat' dir='ltr'><strong>Ex</strong></span> <span class='ocrx_word' id='word_1_308' title='bbox 1425 3251 1520 3293; x_wconf 81' lang='lat' dir='ltr'>versu</span> <span class='ocrx_word' id='word_1_309' title='bbox 1550 3230 1611 3296; x_wconf 88' lang='lat'><strong>781</strong></span> <span class='ocrx_word' id='word_1_310' title='bbox 1638 3227 1776 3294; x_wconf 88' lang='lat' dir='ltr'>conicias</span> <span class='ocrx_word' id='word_1_311' title='bbox 1801 3228 1835 3294; x_wconf 93' lang='lat' dir='ltr'>in</span> 
     </span>
     <span class='ocr_line' id='line_1_30' title="bbox 75 3334 1835 3421; baseline 0.001 -22"><span class='ocrx_word' id='word_1_312' title='bbox 75 3336 184 3418; x_wconf 88' lang='lat' dir='ltr'>aliqua</span> <span class='ocrx_word' id='word_1_313' title='bbox 206 3334 334 3400; x_wconf 86' lang='lat' dir='ltr'>fabulae</span> <span class='ocrx_word' id='word_1_314' title='bbox 357 3335 483 3399; x_wconf 88' lang='grc'><strong>6661666</strong></span> <span class='ocrx_word' id='word_1_315' title='bbox 506 3335 600 3419; x_wconf 90' lang='lat' dir='ltr'>plura</span> <span class='ocrx_word' id='word_1_316' title='bbox 623 3336 708 3400; x_wconf 89' lang='lat' dir='ltr'>dicta</span> <span class='ocrx_word' id='word_1_317' title='bbox 730 3335 830 3401; x_wconf 88' lang='lat' dir='ltr'>fuisse</span> <span class='ocrx_word' id='word_1_318' title='bbox 854 3359 949 3420; x_wconf 89' lang='lat' dir='ltr'>quam</span> <span class='ocrx_word' id='word_1_319' title='bbox 964 3358 1044 3420; x_wconf 87' lang='lat' dir='ltr'>quae</span> <span class='ocrx_word' id='word_1_320' title='bbox 1067 3336 1120 3402; x_wconf 92' lang='lat' dir='ltr'>hic</span> <span class='ocrx_word' id='word_1_321' title='bbox 1143 3338 1177 3401; x_wconf 94' lang='lat' dir='ltr'>in</span> <span class='ocrx_word' id='word_1_322' title='bbox 1201 3337 1364 3402; x_wconf 92' lang='lat' dir='ltr'>codicibus</span> <span class='ocrx_word' id='word_1_323' title='bbox 1388 3337 1507 3421; x_wconf 88' lang='lat' dir='ltr'>scripta</span> <span class='ocrx_word' id='word_1_324' title='bbox 1525 3340 1615 3421; x_wconf 89' lang='grc'><strong>67766,</strong></span> <span class='ocrx_word' id='word_1_325' title='bbox 1638 3340 1675 3401; x_wconf 91' lang='grc'><strong>66</strong></span> <span class='ocrx_word' id='word_1_326' title='bbox 1698 3336 1835 3401; x_wconf 83' lang='grc'><strong>16766666</strong></span> 
     </span>
     <span class='ocr_line' id='line_1_31' title="bbox 75 3442 667 3508; baseline -0.002 0"><span class='ocrx_word' id='word_1_327' title='bbox 75 3442 173 3508; x_wconf 85' lang='grc'><strong>661676</strong></span> <span class='ocrx_word' id='word_1_328' title='bbox 199 3465 309 3508; x_wconf 89' lang='grc'><strong>767666</strong></span> <span class='ocrx_word' id='word_1_329' title='bbox 334 3443 397 3508; x_wconf 87' lang='grc'><strong>181</strong></span> <span class='ocrx_word' id='word_1_330' title='bbox 423 3444 492 3507; x_wconf 90' lang='grc'><strong>1676</strong></span> <span class='ocrx_word' id='word_1_331' title='bbox 515 3442 667 3507; x_wconf 87' lang='lat' dir='ltr'>deleatur.</span> 
     </span>
    </p>

    <p class='ocr_par' dir='ltr' id='par_1_15' title="bbox 75 3548 1836 4067">
     <span class='ocr_line' id='line_1_32' title="bbox 236 3548 1836 3636; baseline 0 -22"><span class='ocrx_word' id='word_1_332' title='bbox 236 3548 374 3614; x_wconf 84' lang='lat' dir='ltr'>Scaenae</span> <span class='ocrx_word' id='word_1_333' title='bbox 406 3551 503 3614; x_wconf 87' lang='lat' dir='ltr'>finem</span> <span class='ocrx_word' id='word_1_334' title='bbox 535 3555 668 3635; x_wconf 90' lang='lat' dir='ltr'>apparet</span> <span class='ocrx_word' id='word_1_335' title='bbox 699 3550 937 3616; x_wconf 87' lang='lat' dir='ltr'>incommodum</span> <span class='ocrx_word' id='word_1_336' title='bbox 971 3574 1053 3634; x_wconf 87' lang='grc'><strong>6666,</strong></span> <span class='ocrx_word' id='word_1_337' title='bbox 1090 3574 1130 3616; x_wconf 91' lang='grc'><strong>66</strong></span> <span class='ocrx_word' id='word_1_338' title='bbox 1163 3552 1266 3616; x_wconf 83' lang='grc'><strong>7116676</strong></span> <span class='ocrx_word' id='word_1_339' title='bbox 1301 3550 1456 3635; x_wconf 90' lang='lat' dir='ltr'>ineptum.</span> <span class='ocrx_word' id='word_1_340' title='bbox 1505 3550 1578 3636; x_wconf 85' lang='lat' dir='ltr'><strong>Ego</strong></span> <span class='ocrx_word' id='word_1_341' title='bbox 1614 3573 1692 3615; x_wconf 92' lang='lat' dir='ltr'><strong>num</strong></span> <span class='ocrx_word' id='word_1_342' title='bbox 1723 3572 1836 3615; x_wconf 80' lang='lat' dir='ltr'>versus</span> 
     </span>
     <span class='ocr_line' id='line_1_33' title="bbox 76 3658 1834 3743; baseline -0.002 -19"><span class='ocrx_word' id='word_1_343' title='bbox 76 3658 245 3724; x_wconf 77' lang='lat'><strong>805-812</strong></span> <span class='ocrx_word' id='word_1_344' title='bbox 275 3658 315 3722; x_wconf 87' lang='lat' dir='ltr'>ab</span> <span class='ocrx_word' id='word_1_345' title='bbox 347 3661 555 3722; x_wconf 87' lang='lat' dir='ltr'>retractatore</span> <span class='ocrx_word' id='word_1_346' title='bbox 586 3658 640 3742; x_wconf 91' lang='lat' dir='ltr'>qni</span> <span class='ocrx_word' id='word_1_347' title='bbox 670 3658 776 3743; x_wconf 93' lang='lat' dir='ltr'>ipsum</span> <span class='ocrx_word' id='word_1_348' title='bbox 808 3680 935 3742; x_wconf 90' lang='lat' dir='ltr'>quoque</span> <span class='ocrx_word' id='word_1_349' title='bbox 957 3658 1150 3723; x_wconf 88' lang='lat' dir='ltr'>Pleusiclcm</span> <span class='ocrx_word' id='word_1_350' title='bbox 1181 3659 1307 3724; x_wconf 91' lang='lat' dir='ltr'>institui</span> <span class='ocrx_word' id='word_1_351' title='bbox 1339 3663 1470 3743; x_wconf 88' lang='lat' dir='ltr'>cuperet</span> <span class='ocrx_word' id='word_1_352' title='bbox 1499 3658 1640 3723; x_wconf 89' lang='lat' dir='ltr'>adiectos</span> <span class='ocrx_word' id='word_1_353' title='bbox 1669 3679 1737 3722; x_wconf 88' lang='lat' dir='ltr'>esse</span> <span class='ocrx_word' id='word_1_354' title='bbox 1765 3658 1834 3722; x_wconf 92' lang='lat' dir='ltr'>iure</span> 
     </span>
     <span class='ocr_line' id='line_1_34' title="bbox 75 3764 1834 3852; baseline 0.001 -23"><span class='ocrx_word' id='word_1_355' title='bbox 75 3765 217 3849; x_wconf 89' lang='lat' dir='ltr'>suspicer</span> <span class='ocrx_word' id='word_1_356' title='bbox 240 3765 357 3830; x_wconf 88' lang='lat' dir='ltr'>nescio.</span> <span class='ocrx_word' id='word_1_357' title='bbox 405 3764 439 3829; x_wconf 89' lang='lat' dir='ltr'>Si</span> <span class='ocrx_word' id='word_1_358' title='bbox 458 3764 631 3830; x_wconf 88' lang='lat' dir='ltr'>adulterini</span> <span class='ocrx_word' id='word_1_359' title='bbox 654 3770 742 3852; x_wconf 83' lang='lat' dir='ltr'>sunt,</span> <span class='ocrx_word' id='word_1_360' title='bbox 766 3788 876 3831; x_wconf 90' lang='lat' dir='ltr'>eorum</span> <span class='ocrx_word' id='word_1_361' title='bbox 899 3766 970 3831; x_wconf 88' lang='grc'><strong>1666</strong></span> <span class='ocrx_word' id='word_1_362' title='bbox 993 3787 1095 3851; x_wconf 90' lang='lat' dir='ltr'>pauca</span> <span class='ocrx_word' id='word_1_363' title='bbox 1118 3767 1272 3850; x_wconf 90' lang='lat' dir='ltr'>quaedam</span> <span class='ocrx_word' id='word_1_364' title='bbox 1296 3766 1436 3852; x_wconf 87' lang='lat' dir='ltr'>genuina</span> <span class='ocrx_word' id='word_1_365' title='bbox 1458 3765 1659 3830; x_wconf 88' lang='lat' dir='ltr'>intercidisse</span> <span class='ocrx_word' id='word_1_366' title='bbox 1682 3764 1834 3830; x_wconf 83' lang='lat' dir='ltr'>credibile</span> 
     </span>
     <span class='ocr_line' id='line_1_35' title="bbox 75 3871 1834 3958; baseline 0.001 -23"><span class='ocrx_word' id='word_1_367' title='bbox 75 3875 126 3936; x_wconf 88' lang='lat' dir='ltr'><strong>est</strong></span> <span class='ocrx_word' id='word_1_368' title='bbox 155 3893 214 3935; x_wconf 90' lang='lat' dir='ltr'>nec</span> <span class='ocrx_word' id='word_1_369' title='bbox 236 3877 343 3936; x_wconf 85' lang='lat' dir='ltr'>tamen</span> <span class='ocrx_word' id='word_1_370' title='bbox 366 3873 531 3937; x_wconf 88' lang='lat' dir='ltr'>consentio</span> <span class='ocrx_word' id='word_1_371' title='bbox 556 3896 627 3938; x_wconf 90' lang='lat' dir='ltr'><strong>cum</strong></span> <span class='ocrx_word' id='word_1_372' title='bbox 653 3871 831 3939; x_wconf 87' lang='lat' dir='ltr'>Schrnidtio</span> <span class='ocrx_word' id='word_1_373' title='bbox 855 3897 885 3958; x_wconf 95' lang='lat' dir='ltr'><strong>p.</strong></span> <span class='ocrx_word' id='word_1_374' title='bbox 901 3874 965 3940; x_wconf 84' lang='lat'><strong>369</strong></span> <span class='ocrx_word' id='word_1_375' title='bbox 989 3895 1058 3958; x_wconf 89' lang='lat' dir='ltr'>sqq.</span> <span class='ocrx_word' id='word_1_376' title='bbox 1083 3912 1123 3920; x_wconf 93' lang='lat'><em>-</em></span> <span class='ocrx_word' id='word_1_377' title='bbox 1148 3877 1241 3958; x_wconf 87' lang='lat' dir='ltr'>putat</span> <span class='ocrx_word' id='word_1_378' title='bbox 1265 3874 1350 3936; x_wconf 90' lang='lat' dir='ltr'>enim</span> <span class='ocrx_word' id='word_1_379' title='bbox 1374 3872 1459 3956; x_wconf 90' lang='lat' dir='ltr'>apud</span> <span class='ocrx_word' id='word_1_380' title='bbox 1477 3871 1628 3936; x_wconf 88' lang='lat' dir='ltr'>Plautum</span> <span class='ocrx_word' id='word_1_381' title='bbox 1652 3871 1705 3937; x_wconf 89' lang='lat' dir='ltr'>hic</span> <span class='ocrx_word' id='word_1_382' title='bbox 1727 3872 1834 3937; x_wconf 91' lang='lat' dir='ltr'>locum</span> 
     </span>
     <span class='ocr_line' id='line_1_36' title="bbox 76 3977 1728 4067; baseline 0.001 -24"><span class='ocrx_word' id='word_1_383' title='bbox 76 3978 227 4044; x_wconf 89' lang='lat' dir='ltr'>habuisse</span> <span class='ocrx_word' id='word_1_384' title='bbox 251 4001 287 4043; x_wconf 90' lang='lat' dir='ltr'><strong>ea</strong></span> <span class='ocrx_word' id='word_1_385' title='bbox 311 4002 391 4063; x_wconf 88' lang='lat' dir='ltr'>quac</span> <span class='ocrx_word' id='word_1_386' title='bbox 415 3979 498 4044; x_wconf 89' lang='lat' dir='ltr'>infra</span> <span class='ocrx_word' id='word_1_387' title='bbox 522 4003 550 4045; x_wconf 90' lang='lat' dir='ltr'><strong>v.</strong></span> <span class='ocrx_word' id='word_1_388' title='bbox 568 3982 653 4046; x_wconf 88' lang='grc'><strong>1116</strong></span> <span class='ocrx_word' id='word_1_389' title='bbox 677 4002 746 4065; x_wconf 87' lang='lat' dir='ltr'>sqq.</span> <span class='ocrx_word' id='word_1_390' title='bbox 760 3981 913 4067; x_wconf 90' lang='lat' dir='ltr'>leguntur</span> <span class='ocrx_word' id='word_1_391' title='bbox 937 4018 993 4064; x_wconf 89' lang='lat'><strong>-,</strong></span> <span class='ocrx_word' id='word_1_392' title='bbox 1017 4004 1090 4045; x_wconf 93' lang='lat' dir='ltr'>nam</span> <span class='ocrx_word' id='word_1_393' title='bbox 1114 3980 1196 4045; x_wconf 89' lang='lat' dir='ltr'>nihil</span> <span class='ocrx_word' id='word_1_394' title='bbox 1220 3979 1406 4044; x_wconf 90' lang='lat' dir='ltr'>offensionis</span> <span class='ocrx_word' id='word_1_395' title='bbox 1429 3978 1549 4043; x_wconf 87' lang='lat' dir='ltr'>habent</span> <span class='ocrx_word' id='word_1_396' title='bbox 1568 3977 1624 4042; x_wconf 92' lang='lat' dir='ltr'>illo</span> <span class='ocrx_word' id='word_1_397' title='bbox 1648 3978 1728 4044; x_wconf 90' lang='grc'><strong>1666.</strong></span> 
     </span>
    </p>

    <p class='ocr_par' dir='ltr' id='par_1_16' title="bbox 75 4085 1835 4816">
     <span class='ocr_line' id='line_1_37' title="bbox 236 4085 1834 4176; baseline 0.001 -25"><span class='ocrx_word' id='word_1_398' title='bbox 236 4085 274 4151; x_wconf 92' lang='grc'><strong>16</strong></span> <span class='ocrx_word' id='word_1_399' title='bbox 298 4089 394 4152; x_wconf 86' lang='grc'><strong>667616</strong></span> <span class='ocrx_word' id='word_1_400' title='bbox 407 4110 521 4152; x_wconf 88' lang='grc'><strong>666666</strong></span> <span class='ocrx_word' id='word_1_401' title='bbox 544 4093 633 4153; x_wconf 89' lang='lat' dir='ltr'>actus</span> <span class='ocrx_word' id='word_1_402' title='bbox 657 4089 744 4154; x_wconf 89' lang='lat' dir='ltr'>tertii</span> <span class='ocrx_word' id='word_1_403' title='bbox 763 4111 874 4153; x_wconf 80' lang='lat' dir='ltr'>versus</span> <span class='ocrx_word' id='word_1_404' title='bbox 898 4090 964 4155; x_wconf 80' lang='lat'><strong>904</strong></span> <span class='ocrx_word' id='word_1_405' title='bbox 987 4085 1224 4176; x_wconf 76' lang='grc'><strong>(9061)-914</strong></span> <span class='ocrx_word' id='word_1_406' title='bbox 1247 4085 1298 4151; x_wconf 83' lang='lat' dir='ltr'>vel</span> <span class='ocrx_word' id='word_1_407' title='bbox 1321 4087 1418 4151; x_wconf 93' lang='lat' dir='ltr'>etiam</span> <span class='ocrx_word' id='word_1_408' title='bbox 1439 4125 1480 4132; x_wconf 91' lang='lat'><strong>—</strong></span> <span class='ocrx_word' id='word_1_409' title='bbox 1499 4087 1562 4152; x_wconf 82' lang='lat'><strong>921</strong></span> <span class='ocrx_word' id='word_1_410' title='bbox 1583 4108 1834 4170; x_wconf 82' lang='lat' dir='ltr'>supervacaneos</span> 
     </span>
     <span class='ocr_line' id='line_1_38' title="bbox 75 4192 1834 4281; baseline -0.001 -22"><span class='ocrx_word' id='word_1_411' title='bbox 75 4194 186 4278; x_wconf 90' lang='lat' dir='ltr'>eisque</span> <span class='ocrx_word' id='word_1_412' title='bbox 217 4199 433 4281; x_wconf 83' lang='lat' dir='ltr'>repugnantes</span> <span class='ocrx_word' id='word_1_413' title='bbox 472 4218 552 4279; x_wconf 89' lang='lat' dir='ltr'>quae</span> <span class='ocrx_word' id='word_1_414' title='bbox 584 4194 840 4261; x_wconf 87' lang='lat' dir='ltr'>Acroteleutium</span> <span class='ocrx_word' id='word_1_415' title='bbox 872 4219 969 4280; x_wconf 89' lang='lat' dir='ltr'>supra</span> <span class='ocrx_word' id='word_1_416' title='bbox 1000 4219 1028 4261; x_wconf 88' lang='grc'><strong>7.</strong></span> <span class='ocrx_word' id='word_1_417' title='bbox 1050 4197 1115 4262; x_wconf 91' lang='grc'><strong>818</strong></span> <span class='ocrx_word' id='word_1_418' title='bbox 1146 4217 1214 4279; x_wconf 89' lang='lat' dir='ltr'>sqq.</span> <span class='ocrx_word' id='word_1_419' title='bbox 1244 4194 1368 4259; x_wconf 83' lang='lat' dir='ltr'>dixerat</span> <span class='ocrx_word' id='word_1_420' title='bbox 1399 4197 1552 4278; x_wconf 84' lang='lat' dir='ltr'>posteane</span> <span class='ocrx_word' id='word_1_421' title='bbox 1587 4192 1728 4258; x_wconf 86' lang='lat' dir='ltr'>adiectos</span> <span class='ocrx_word' id='word_1_422' title='bbox 1765 4216 1834 4259; x_wconf 91' lang='lat' dir='ltr'>esse</span> 
     </span>
     <span class='ocr_line' id='line_1_39' title="bbox 76 4300 1834 4385; baseline 0.001 -20"><span class='ocrx_word' id='word_1_423' title='bbox 76 4301 180 4366; x_wconf 91' lang='lat' dir='ltr'>dicam</span> <span class='ocrx_word' id='word_1_424' title='bbox 204 4301 325 4366; x_wconf 92' lang='lat' dir='ltr'>dubito.</span> <span class='ocrx_word' id='word_1_425' title='bbox 372 4301 523 4367; x_wconf 87' lang='lat' dir='ltr'>Omnium</span> <span class='ocrx_word' id='word_1_426' title='bbox 552 4303 690 4368; x_wconf 82' lang='lat' dir='ltr'>maxime</span> <span class='ocrx_word' id='word_1_427' title='bbox 713 4326 824 4368; x_wconf 87' lang='grc'><strong>767666</strong></span> <span class='ocrx_word' id='word_1_428' title='bbox 848 4305 913 4370; x_wconf 87' lang='grc'><strong>914</strong></span> <span class='ocrx_word' id='word_1_429' title='bbox 937 4308 970 4368; x_wconf 89' lang='grc'><strong>66</strong></span> <span class='ocrx_word' id='word_1_430' title='bbox 993 4304 1051 4370; x_wconf 91' lang='lat'><strong>881</strong></span> <span class='ocrx_word' id='word_1_431' title='bbox 1081 4303 1165 4367; x_wconf 88' lang='lat' dir='ltr'>inter</span> <span class='ocrx_word' id='word_1_432' title='bbox 1194 4324 1228 4366; x_wconf 87' lang='lat' dir='ltr'><strong>se</strong></span> <span class='ocrx_word' id='word_1_433' title='bbox 1261 4301 1413 4367; x_wconf 89' lang='lat' dir='ltr'>contrarii</span> <span class='ocrx_word' id='word_1_434' title='bbox 1443 4304 1532 4379; x_wconf 84' lang='lat' dir='ltr'>sunt,</span> <span class='ocrx_word' id='word_1_435' title='bbox 1560 4300 1622 4364; x_wconf 88' lang='lat' dir='ltr'>nisi</span> <span class='ocrx_word' id='word_1_436' title='bbox 1651 4301 1723 4385; x_wconf 90' lang='lat' dir='ltr'>quis</span> <span class='ocrx_word' id='word_1_437' title='bbox 1750 4302 1834 4366; x_wconf 84' lang='lat' dir='ltr'>forte</span> 
     </span>
     <span class='ocr_line' id='line_1_40' title="bbox 76 4407 1834 4496; baseline -0.002 -21"><span class='ocrx_word' id='word_1_438' title='bbox 76 4410 203 4475; x_wconf 85' lang='lat' dir='ltr'>credere</span> <span class='ocrx_word' id='word_1_439' title='bbox 235 4409 358 4475; x_wconf 84' lang='lat' dir='ltr'>mavult</span> <span class='ocrx_word' id='word_1_440' title='bbox 391 4409 646 4476; x_wconf 86' lang='lat' dir='ltr'>Acroteleutium</span> <span class='ocrx_word' id='word_1_441' title='bbox 676 4410 945 4496; x_wconf 88' lang='lat' dir='ltr'>Periplectomeni</span> <span class='ocrx_word' id='word_1_442' title='bbox 981 4411 1110 4495; x_wconf 92' lang='lat' dir='ltr'>quidem</span> <span class='ocrx_word' id='word_1_443' title='bbox 1141 4411 1271 4491; x_wconf 88' lang='lat' dir='ltr'>reicere,</span> <span class='ocrx_word' id='word_1_444' title='bbox 1308 4409 1410 4493; x_wconf 90' lang='lat' dir='ltr'>ipsius</span> <span class='ocrx_word' id='word_1_445' title='bbox 1450 4413 1558 4472; x_wconf 86' lang='lat' dir='ltr'>tamen</span> <span class='ocrx_word' id='word_1_446' title='bbox 1588 4407 1752 4472; x_wconf 88' lang='lat' dir='ltr'>architecti</span> <span class='ocrx_word' id='word_1_447' title='bbox 1776 4407 1834 4471; x_wconf 91' lang='lat' dir='ltr'>Pa·</span> 
     </span>
     <span class='ocr_line' id='line_1_41' title="bbox 76 4515 1835 4598; baseline -0.001 -18"><span class='ocrx_word' id='word_1_448' title='bbox 76 4516 259 4582; x_wconf 89' lang='lat' dir='ltr'>laestrionis</span> <span class='ocrx_word' id='word_1_449' title='bbox 284 4517 462 4581; x_wconf 89' lang='lat' dir='ltr'>desiderare</span> <span class='ocrx_word' id='word_1_450' title='bbox 485 4518 731 4582; x_wconf 88' lang='lat' dir='ltr'>institutionem.</span> <span class='ocrx_word' id='word_1_451' title='bbox 777 4519 946 4583; x_wconf 87' lang='lat' dir='ltr'>Praeterea</span> <span class='ocrx_word' id='word_1_452' title='bbox 969 4539 1079 4582; x_wconf 88' lang='grc'><strong>7676776</strong></span> <span class='ocrx_word' id='word_1_453' title='bbox 1101 4519 1166 4583; x_wconf 78' lang='lat'><strong>922</strong></span> <span class='ocrx_word' id='word_1_454' title='bbox 1189 4538 1296 4598; x_wconf 78' lang='lat' dir='ltr'>rccmpc</span> <span class='ocrx_word' id='word_1_455' title='bbox 1319 4515 1532 4581; x_wconf 89' lang='lat' dir='ltr'>institutionis</span> <span class='ocrx_word' id='word_1_456' title='bbox 1556 4515 1684 4579; x_wconf 89' lang='lat' dir='ltr'>initium</span> <span class='ocrx_word' id='word_1_457' title='bbox 1708 4515 1835 4579; x_wconf 84' lang='lat' dir='ltr'>videtur</span> 
     </span>
     <span class='ocr_line' id='line_1_42' title="bbox 76 4621 1834 4714; baseline -0.002 -25"><span class='ocrx_word' id='word_1_458' title='bbox 76 4624 259 4709; x_wconf 86' lang='lat' dir='ltr'>significare</span> <span class='ocrx_word' id='word_1_459' title='bbox 283 4624 337 4710; x_wconf 84' lang='grc'><strong>(61.</strong></span> <span class='ocrx_word' id='word_1_460' title='bbox 357 4624 442 4688; x_wconf 85' lang='grc'><strong>171667</strong></span> <span class='ocrx_word' id='word_1_461' title='bbox 465 4647 573 4708; x_wconf 78' lang='grc'><strong>77677676</strong></span> <span class='ocrx_word' id='word_1_462' title='bbox 599 4648 628 4692; x_wconf 90' lang='grc'><strong>7.</strong></span> <span class='ocrx_word' id='word_1_463' title='bbox 648 4624 739 4714; x_wconf 87' lang='grc'><strong>906).</strong></span> <span class='ocrx_word' id='word_1_464' title='bbox 783 4626 984 4709; x_wconf 81' lang='lat' dir='ltr'>Quamquam</span> <span class='ocrx_word' id='word_1_465' title='bbox 1008 4625 1104 4689; x_wconf 88' lang='lat' dir='ltr'>etiam</span> <span class='ocrx_word' id='word_1_466' title='bbox 1128 4624 1262 4688; x_wconf 89' lang='lat' dir='ltr'>Plautus</span> <span class='ocrx_word' id='word_1_467' title='bbox 1285 4624 1354 4708; x_wconf 88' lang='lat' dir='ltr'>ipse</span> <span class='ocrx_word' id='word_1_468' title='bbox 1384 4621 1590 4687; x_wconf 90' lang='lat' dir='ltr'>huiusmodi</span> <span class='ocrx_word' id='word_1_469' title='bbox 1620 4622 1770 4707; x_wconf 90' lang='lat' dir='ltr'>ambages</span> <span class='ocrx_word' id='word_1_470' title='bbox 1798 4643 1834 4686; x_wconf 90' lang='lat' dir='ltr'>ac</span> 
     </span>
     <span class='ocr_line' id='line_1_43' title="bbox 75 4731 542 4816; baseline 0 -20"><span class='ocrx_word' id='word_1_471' title='bbox 75 4731 217 4797; x_wconf 88' lang='lat' dir='ltr'>salebras</span> <span class='ocrx_word' id='word_1_472' title='bbox 241 4732 408 4796; x_wconf 87' lang='lat' dir='ltr'>admisisse</span> <span class='ocrx_word' id='word_1_473' title='bbox 426 4737 542 4816; x_wconf 90' lang='lat' dir='ltr'>potest.</span> 
     </span>
    </p>

    <p class='ocr_par' dir='ltr' id='par_1_17' title="bbox 76 4835 1834 5119">
     <span class='ocr_line' id='line_1_44' title="bbox 237 4835 1834 4924; baseline -0.003 -20"><span class='ocrx_word' id='word_1_474' title='bbox 237 4838 394 4904; x_wconf 88' lang='lat' dir='ltr'>Versibus</span> <span class='ocrx_word' id='word_1_475' title='bbox 424 4840 652 4924; x_wconf 77' lang='lat'><strong>1287-1289,</strong></span> <span class='ocrx_word' id='word_1_476' title='bbox 680 4862 760 4924; x_wconf 90' lang='grc'><strong>6666</strong></span> <span class='ocrx_word' id='word_1_477' title='bbox 788 4842 821 4905; x_wconf 82' lang='grc' dir='ltr'><strong><em>Α</em></strong></span> <span class='ocrx_word' id='word_1_478' title='bbox 848 4839 970 4923; x_wconf 88' lang='grc'><strong>6761616,</strong></span> <span class='ocrx_word' id='word_1_479' title='bbox 1005 4840 1225 4904; x_wconf 86' lang='grc'><strong>7667666666716</strong></span> <span class='ocrx_word' id='word_1_480' title='bbox 1263 4835 1435 4922; x_wconf 86' lang='lat' dir='ltr'>vestigium</span> <span class='ocrx_word' id='word_1_481' title='bbox 1470 4835 1736 4921; x_wconf 88' lang='lat' dir='ltr'>deprehendimus</span> <span class='ocrx_word' id='word_1_482' title='bbox 1770 4858 1834 4900; x_wconf 88' lang='lat' dir='ltr'>cer·</span> 
     </span>
     <span class='ocr_line' id='line_1_45' title="bbox 76 4940 1833 5032; baseline -0.004 -21"><span class='ocrx_word' id='word_1_483' title='bbox 76 4947 247 5012; x_wconf 88' lang='lat' dir='ltr'>tissimum.</span> <span class='ocrx_word' id='word_1_484' title='bbox 291 4945 488 5012; x_wconf 86' lang='lat' dir='ltr'>Sinedubio</span> <span class='ocrx_word' id='word_1_485' title='bbox 513 4947 545 5011; x_wconf 92' lang='lat' dir='ltr'>in</span> <span class='ocrx_word' id='word_1_486' title='bbox 570 4969 607 5013; x_wconf 91' lang='grc'><strong>66</strong></span> <span class='ocrx_word' id='word_1_487' title='bbox 631 4947 817 5032; x_wconf 86' lang='lat' dir='ltr'>exemplari,</span> <span class='ocrx_word' id='word_1_488' title='bbox 849 4947 939 5012; x_wconf 88' lang='lat' dir='ltr'>unde·</span> <span class='ocrx_word' id='word_1_489' title='bbox 961 4946 1056 5031; x_wconf 90' lang='lat' dir='ltr'>petiti</span> <span class='ocrx_word' id='word_1_490' title='bbox 1081 4950 1157 5010; x_wconf 90' lang='lat' dir='ltr'>sunt</span> <span class='ocrx_word' id='word_1_491' title='bbox 1179 4969 1208 5012; x_wconf 87' lang='grc'><strong>7.</strong></span> <span class='ocrx_word' id='word_1_492' title='bbox 1226 4945 1455 5027; x_wconf 83' lang='grc'><strong>1281-1289,</strong></span> <span class='ocrx_word' id='word_1_493' title='bbox 1483 4941 1666 5007; x_wconf 86' lang='grc'><strong>6616676116</strong></span> <span class='ocrx_word' id='word_1_494' title='bbox 1690 4940 1833 5024; x_wconf 84' lang='lat' dir='ltr'>exempla</span> 
     </span>
     <span class='ocr_line' id='line_1_46' title="bbox 76 5053 297 5119; baseline -0.005 -1"><span class='ocrx_word' id='word_1_495' title='bbox 76 5053 297 5119; x_wconf 82' lang='grc'><strong>61166667666.</strong></span> 
     </span>
    </p>
   </div>
   <div class='ocr_carea' id='block_1_6' title="bbox 0 0 2098 5424">
    <p class='ocr_par' dir='ltr' id='par_1_18' title="bbox 0 0 2098 5424">
     <span class='ocr_line' id='line_1_47' title="bbox 0 0 2098 5424; baseline 0 1"><span class='ocrx_word' id='word_1_496' title='bbox 0 0 2098 5424; x_wconf 95' lang='lat' dir='ltr'><strong> </strong></span> 
     </span>
    </p>
   </div>
  </div>
 </body>
</html>
