4186 5424
1026 205 1069 274 13

941 311 1081 317 ——--.
1092 311 1153 318 --—-

165 437 246 481 sum.
288 413 373 480 Nam
397 414 523 478 etiamsi
545 413 651 497 paries
674 434 740 477 non
762 416 830 477 erat
852 413 1030 497 perfossus,
1053 413 1181 477 eaedem
1205 417 1311 477 tamen
1335 435 1508 499 personae,
1532 435 1612 498 quae
1636 437 1721 478 nunc
1744 421 1925 502 occurrunt,

166 523 199 587 in
226 522 286 587 hac
309 526 400 608 parte
423 520 550 586 fabulae
572 520 821 586 introducendae
844 524 948 586 erant:
971 518 1195 605 Palaestrioni,
1220 521 1275 604 qui
1294 520 1404 605 modo,
1427 521 1516 587 utin
1534 520 1676 586 Alazone
1691 523 1775 606 ipso,
1798 522 1926 609 prologi

166 651 297 694 munere
323 629 453 693 functus
481 634 561 715 erat,
590 633 627 694 ut
653 629 811 693 actionem
844 629 1012 713 inciperet,
1042 627 1270 693 remanendum
1293 632 1376 713 erat,
1402 627 1677 712 Periplectomene
1685 628 1710 715 ¹)
1741 651 1816 695 sene
1844 652 1926 715 opus

166 742 247 822 erat,
288 758 353 801 non
389 740 516 820 poterat
547 736 656 802 deesse
685 735 971 819 Philocomasium,
1005 733 1153 799 Sceledro
1184 757 1251 800 non
1278 739 1347 799 erat
1374 736 1654 820 supersedendum.
1708 734 1784 802 Non
1813 737 1925 803 dubito

165 843 310 927 profiteri
333 842 420 908 hunc
442 848 549 909 actum
573 843 747 909 secundum
770 842 837 908 sive
861 843 901 908 ab
924 842 1109 908 inventione
1132 841 1199 907 sive
1222 866 1241 906 a
1263 842 1459 927 perfectione
1478 848 1534 908 aut
1556 845 1642 908 inter
1660 844 1800 927 optimas
1817 848 1926 929 partes

165 949 262 1014 huius
292 949 420 1015 fabulae
451 951 652 1016 referendum
679 973 749 1015 esse
781 955 837 1014 aut
869 950 972 1035 ipsam
1004 971 1073 1013 esse
1101 950 1256 1033 optimam
1289 955 1426 1034 partem,
1454 955 1551 1035 atque
1577 951 1653 1016 licet
1685 950 1751 1015 doli
1781 952 1926 1017 versibus

165 1055 304 1141 amplius
332 1056 436 1122 0000
460 1058 500 1122 ad
523 1057 744 1144 decipiendum
764 1055 947 1122 Sceledrum
971 1056 1086 1121 structi
1104 1078 1163 1140 pro
1182 1060 1252 1121 rata
1269 1061 1360 1141 parte
1383 1057 1548 1141 aliquanto
1567 1057 1729 1144 longiores
1749 1058 1926 1145 videantur,

167 1164 246 1229 illud
274 1165 510 1230 concedendum
538 1166 600 1232 erit
626 1170 732 1231 totum
755 1168 863 1230 actum
895 1163 1036 1248 exceptis
1063 1162 1209 1248 pauculis
1241 1164 1432 1247 quibusdam
1456 1164 1545 1251 locis,
1578 1164 1634 1249 qui
1666 1167 1925 1231 retractationem

165 1271 324 1357 redolent,
353 1295 410 1356 per
433 1294 466 1338 se
490 1294 560 1338 esse
583 1274 741 1358 optimum
764 1277 861 1356 atque
885 1271 931 1335 ita
948 1275 1181 1356 comparatum,
1204 1275 1327 1356 utres,
1350 1272 1446 1336 sicuti
1469 1272 1620 1338 instituta
1642 1276 1704 1358 est,
1728 1272 1862 1337 celerius
1886 1272 1926 1338 ad

166 1378 263 1443 finem
279 1378 408 1462 perduci
426 1401 491 1444 non
507 1381 658 1464 potuerit.
692 1378 779 1455 Quae
792 1378 919 1443 fabulae
937 1400 1012 1463 pars
1027 1365 1238 1443 dubitandum
1252 1399 1317 1442 non
1334 1383 1383 1442 est
1399 1379 1477 1462 quin
1493 1383 1620 1464 praeter
1634 1383 1755 1444 ceteras
1769 1379 1927 1464 placuerit

165 1487 408 1569 spectatoribus
445 1485 483 1552 In
498 1487 594 1552 tertio
613 1490 720 1551 autem
739 1492 812 1551 actu
826 1487 897 1551 fieri
911 1507 976 1550 non
990 1487 1097 1570 potuit
1112 1486 1190 1570 quin
1205 1507 1269 1549 una
1287 1507 1359 1550 cum
1373 1485 1590 1552 Palaestrione
1605 1491 1637 1552 et
1650 1485 1925 1571 Periplectomene

164 1590 338 1657 Pleusicles
361 1594 395 1657 in
418 1615 564 1659 scaenam
587 1595 744 1680 prodiret,
770 1614 865 1677 quem
889 1593 1077 1659 admodum
1100 1595 1139 1658 fit
1161 1593 1195 1657 in
1218 1591 1322 1656 Milite
1347 1590 1495 1658 Glorioso
1519 1593 1623 1678 qualis
1647 1598 1761 1659 exstat.
1803 1591 1843 1658 In
1866 1594 1926 1659 hac

165 1698 292 1765 fabulae
309 1705 400 1785 parte
415 1722 479 1765 non
498 1723 600 1785 pauca
618 1701 751 1766 dilatata
768 1723 837 1765 esse
852 1705 884 1765 et
898 1704 1000 1764 tracta
1018 1699 1052 1763 in
1064 1699 1195 1784 longius
1208 1721 1273 1763 non
1288 1701 1472 1785 negaverim
1490 1723 1526 1765 ac
1544 1704 1677 1785 propter
1694 1700 1784 1765 tertii
1796 1702 1926 1785 potissi-

166 1829 254 1871 mum
285 1811 375 1872 actus
403 1807 639 1894 longitudinem
671 1809 710 1873 ab
742 1808 923 1873 litterarum
963 1806 1174 1891 scriptoribus
1206 1827 1271 1871 non
1301 1807 1382 1871 bene
1410 1806 1448 1871 de
1475 1807 1581 1873 Milite
1609 1805 1759 1873 Glorioso
1791 1808 1925 1873 iudicari

166 1913 338 1978 contendo:
361 1913 514 1979 Plautum
537 1919 646 1980 tamen
669 1919 760 1980 extra
783 1915 910 2000 culpam
933 1935 1001 1980 esse
1025 1914 1058 1977 in
1081 1913 1183 1978 altera
1204 1917 1296 2000 parte
1314 1913 1411 1979 huius
1434 1913 1777 1986 commentatiunculae
1796 1913 1925 1980 docebo

167 2018 551 2087 DeindeAcroteleutium
560 2019 1790 2107 meretrixetMilphidippaancilla¹)-saepenumeroincomoediiseiusdem
1799 2021 1926 2107 generis

164 2148 318 2211 personas
341 2129 498 2215 geminari
521 2133 636 2194 notum
659 2134 708 2194 est
732 2168 774 2177 —
802 2134 839 2194 ut
867 2131 901 2194 in
927 2129 1076 2213 proximo
1104 2132 1178 2193 actu
1209 2127 1352 2192 fallacias
1375 2128 1527 2213 perficere
1552 2132 1697 2212 possent,
1726 2151 1745 2192 a
1767 2127 1925 2212 Periplec-

165 2240 294 2300 tomeno
315 2239 347 2300 et
370 2236 473 2320 magis
492 2236 590 2300 etiam
613 2235 881 2321 aPalaeetrione,
905 2236 1006 2302 totius
1025 2236 1131 2320 operis
1150 2239 1273 2299 rectore
1291 2257 1327 2299 ac
1346 2233 1559 2319 moderatore,
1587 2237 1677 2299 erant
1701 2235 1924 2299 instituendae.

166 2340 252 2416 Quae
263 2342 371 2407 omnia
381 2364 476 2427 quem
486 2343 526 2407 ad
535 2343 666 2407 modum
678 2343 774 2429 longe
789 2343 882 2408 aliter
896 2348 991 2427 atque
1001 2343 1034 2408 in
1042 2341 1147 2407 Milite
1158 2339 1307 2407 Glorioso
1321 2341 1492 2426 procedere
1504 2341 1670 2425 potuerint
1684 2363 1748 2406 non
1761 2340 1925 2428 intellego,

164 2449 353 2533 praesertim
367 2471 441 2514 cum
455 2451 613 2514 actionem
627 2449 731 2535 ipsam
746 2451 779 2514 in
793 2450 853 2515 hac
867 2453 959 2535 parte
976 2447 1103 2514 fabulae
1126 2449 1302 2514 subsistere
1324 2470 1383 2513 nec
1400 2449 1581 2533 promoveri
1604 2447 1739 2513 licuerit.
1784 2448 1924 2514 Eaedem

165 2556 267 2641 igitur
288 2578 442 2644 personae
465 2558 499 2621 in
522 2555 676 2642 Alazone,
709 2557 837 2621 eaedem
865 2578 1074 2641 personarum
1107 2556 1191 2621 inter
1219 2578 1253 2620 se
1280 2556 1422 2620 rationes
1449 2560 1545 2640 atque
1568 2554 1784 2640 condiciones,
1816 2557 1924 2621 omnia

165 2661 259 2747 plane
291 2663 426 2750 gemella
458 2669 554 2749 atque
577 2669 614 2729 ut
637 2665 683 2729 it'a
706 2664 809 2729 dicam
836 2663 1002 2748 parallelo:
1036 2663 1148 2748 quidni
1186 2684 1266 2746 quae
1294 2685 1378 2727 nunc
1407 2667 1483 2728 sunt
1510 2663 1544 2726 in
1572 2662 1679 2727 Milite
1703 2660 1852 2727 Glorioso
1890 2663 1924 2726 in

164 2768 306 2834 Alazona
329 2791 462 2854 prorsus
485 2770 594 2834 eadem
617 2771 718 2837 fuisse
741 2770 955 2836 arbitremur?
986 2769 1092 2834 Pauca
1115 2769 1270 2854 quaedam
1293 2770 1432 2856 excipio,
1455 2768 1494 2832 de
1517 2769 1635 2853 quibus
1658 2769 1692 2833 in
1715 2768 1816 2833 altera
1833 2773 1923 2852 parte

165 2876 297 2941 dicetur.
344 2876 495 2942 Adducor
518 2878 619 2963 igitur
641 2883 678 2943 ut
700 2878 856 2962 parietem
878 2877 1059 2961 perfossum
1083 2898 1148 2941 non
1171 2877 1417 2942 contaminando
1441 2876 1570 2940 demum
1597 2877 1630 2940 in
1654 2874 1762 2940 Plauti
1779 2875 1923 2941 fabulam

164 2984 332 3069 irrepsisse
355 2984 411 3049 sed
434 2985 551 3048 iamin
575 2983 716 3049 Alazone
739 3005 872 3069 prorsus
895 2984 1007 3049 eodem
1030 2983 1126 3049 modo
1150 2985 1313 3049 exstitisse
1338 2983 1472 3049 credam.

326 3089 395 3168 Qua
408 3091 442 3154 in
456 3113 490 3155 re
503 3090 584 3155 illud
599 3114 663 3156 non
677 3092 850 3156 extimesco
863 3113 903 3156 ne
916 3090 1089 3175 opprobrio
1100 3091 1181 3155 mihi
1191 3091 1297 3174 detur,
1312 3090 1399 3174 quod
1413 3087 1704 3155 FrSchmidtius
1714 3111 1744 3172 p.
1753 3088 1817 3155 397
1829 3088 1922 3154 dicit:

171 3198 273 3265 Wom
292 3199 350 3263 wir
365 3198 506 3280 planem,
530 3198 600 3279 dass
620 3198 755 3263 Plautus
769 3198 828 3263 dea
844 3200 970 3264 aweiten
989 3198 1053 3262 Ate
1070 3218 1129 3263 aaa
1147 3199 1216 3264 dem
1234 3198 1357 3263 Aloros
1375 3202 1567 3263 adcomowa
1584 3195 1650 3272 bot,
1673 3214 1707 3260 so
1725 3195 1846 3260 sana
1863 3197 1923 3260 wir

161 3327 222 3387 por
240 3305 323 3370 nicht
340 3305 459 3381 ambio,
482 3304 562 3369 auct
583 3305 652 3370 dara
667 3304 873 3386 prieclaimbea
888 3305 1016 3370 Dictator
1033 3304 1191 3370 desselben
1205 3304 1317 3370 Febler
1333 3303 1574 3379 suauscbrct'bea,
1595 3303 1684 3367 elaea
1702 3301 1923 3384 Zoster-bonfail

163 3411 382 3493 uapcbdtrlicb
403 3412 473 3477 weit
496 3412 676 3493 ouepesttbrt
696 3432 736 3477 zu
758 3411 865 3477 lactea
912 3410 1044 3487 Quoties
1068 3411 1153 3476 enim
1176 3410 1255 3476 haec
1278 3409 1443 3475 comoedia
1466 3408 1652 3492 docebatur,
1676 3408 1761 3473 inter
1779 3413 1922 3493 spectan-

165 3518 241 3582 dum
256 3540 349 3583 nemo
368 3518 431 3582 sibi
450 3517 641 3603 persuadere
659 3517 767 3602 potuit
785 3519 870 3583 hunc
889 3517 996 3583 locum
1015 3540 1117 3603 aequo
1136 3517 1316 3603 longiorem
1331 3539 1416 3601 esse3
1439 3516 1532 3581 finita
1547 3515 1675 3580 demum
1689 3514 1799 3580 tabula
1813 3517 1869 3600 qui
1884 3517 1922 3581 de

164 3624 346 3690 comoediae
361 3624 591 3709 compositione
603 3647 711 3690 secum
725 3625 954 3709 meditabatur,
969 3625 1109 3690 iudicare
1123 3626 1230 3709 potuit
1244 3624 1316 3689 illas
1331 3622 1471 3688 Sceledri
1485 3643 1614 3687 scaenas
1628 3620 1725 3686 nimis
1740 3622 1872 3687 diffusas
1887 3645 1923 3688 ao

164 3733 337 3816 dissipatas
356 3753 438 3796 esse:
462 3732 549 3816 quod
572 3737 679 3796 tamen
702 3731 789 3796 haud
812 3733 878 3797 scio
902 3755 942 3796 an
965 3755 1059 3797 nemo
1083 3731 1213 3797 illorum
1236 3730 1403 3796 hominum
1427 3730 1557 3815 fecerit,
1588 3750 1667 3813 quos
1696 3728 1786 3794 nulla
1807 3729 1921 3795 talium

163 3840 330 3925 spinarum
357 3838 482 3903 ratione
503 3837 615 3903 habita
638 3837 678 3902 ad
708 3860 807 3903 unum
836 3860 946 3903 omnes
970 3838 1087 3903 mirum
1112 3842 1268 3923 quantum
1295 3860 1403 3903 rerum
1431 3836 1597 3901 dulcedine
1627 3840 1738 3919 captos
1766 3859 1835 3901 esse
1858 3858 1923 3901 cre·

164 3945 303 4010 dandum
326 3948 385 4009 est.
432 3944 478 4010 Ac
500 3945 528 4010 si
551 3946 631 4011 vitio
655 3945 808 4010 vertenda
831 3947 875 4010 sit
896 3945 993 4010 huius
1017 3946 1202 4011 interiectae
1225 3946 1327 4030 partis
1354 3942 1540 4028 longitudo,
1572 3942 1685 4026 quidni
1707 3946 1804 4026 poeta
1827 3940 1921 4008 Grae·

164 4075 221 4118 cus
243 4051 324 4117 illud
346 4073 493 4137 peccasse
517 4052 686 4117 credatur?

325 4159 469 4244 Πρῶτον
498 4160 623 4238 ψεῦδος
654 4160 740 4223 enim
771 4158 834 4223 hoc
865 4158 1148 4224 contaminationis
1180 4180 1282 4245 genus
1310 4161 1447 4243 aposta
1469 4157 1615 4222 Romano
1643 4155 1825 4221 adhibitum
1852 4177 1922 4220 esse

164 4265 418 4330 existimantium
432 4265 649 4350 praeiudicata
659 4265 697 4331 de
707 4287 790 4330 nova
800 4265 983 4331 Atticorum
999 4265 1163 4331 comoedia
1177 4265 1327 4350 opinione
1342 4264 1422 4329 mihi
1438 4264 1564 4329 videtur
1578 4263 1744 4329 contineri.
1774 4261 1922 4347 Singula·

163 4395 231 4438 rem
247 4372 407 4457 quandam
421 4373 483 4438 sibi
498 4373 661 4439 finxerunt
674 4394 817 4437 summae
826 4372 1032 4457 perfectionis
1045 4377 1142 4457 atque
1152 4371 1366 4438 absolutionis
1378 4371 1560 4456 imaginem.
1589 4370 1651 4436 Sed
1661 4392 1724 4455 quo
1735 4370 1851 4434 nititur
1860 4370 1922 4434 ista

164 4479 296 4564 opinio?
348 4477 442 4544 lllam
465 4479 662 4545 comoediam
686 4481 816 4545 omnino
839 4501 904 4544 non
927 4480 1076 4545 novimus
1098 4480 1162 4544 nisi
1186 4501 1203 4543 e
1225 4477 1332 4543 Plauti
1360 4478 1566 4562 Terentiique
1597 4475 1834 4542 imitationibus
1862 4498 1922 4541 nec

163 4608 222 4671 per
239 4608 273 4650 se
296 4585 447 4651 credibile
471 4590 639 4651 astartem
663 4586 752 4650 illam
776 4587 901 4652 fabulas
925 4586 1136 4672 componendi
1161 4585 1306 4671 quamvis
1330 4607 1479 4671 magnam
1502 4607 1560 4670 per
1582 4605 1616 4649 se
1640 4584 1790 4649 omnibus
1813 4588 1921 4648 tamen

163 4693 306 4758 numeris
324 4691 506 4758 absolutam
528 4693 628 4758 fuisse
652 4697 697 4779 et,
724 4692 752 4756 si
776 4694 816 4757 ad
838 4716 968 4760 normae
990 4694 1220 4779 perfectionem
1243 4697 1423 4777 revocetur,
1447 4691 1535 4757 omni
1561 4691 1637 4756 vitio
1661 4690 1811 4756 caruisse.
1856 4690 1921 4754 Vbi

163 4839 205 4845 ..-
383 4838 483 4846 *-

324 4943 350 5011 1)
369 4937 602 5009 Periplectomeni
632 4955 733 4993 nomen
759 4941 834 5008 quod
864 4943 957 4994 exstat
981 4940 1011 4993 in
1039 4939 1183 4994 codicibus
1213 4938 1433 4992 conservandum
1460 4954 1521 4991 esse
1547 4940 1629 5006 puto,
1655 4952 1825 5004 quamquam
1851 4935 1920 5002 qnid

163 5026 305 5097 significet
321 5027 408 5084 etiam
427 5045 500 5082 nunc
519 5028 650 5083 nescitur.
737 5031 764 5099 2)
784 5028 892 5084 Nomen
910 5028 1077 5082 Punicam
1094 5028 1231 5097 originem
1249 5026 1360 5082 videtur
1378 5026 1546 5096 significare.
