4186 5424
1033 196 1054 267 9

166 408 355 490 argumento
379 426 415 468 ac
438 403 527 469 nullo
550 404 682 491 negotio
711 427 749 469 ex
777 405 841 468 alia
867 405 1032 470 comoedia
1055 404 1177 471 Graeca
1200 405 1345 489 depromi
1372 405 1551 490 potuerint,
1580 405 1613 470 in
1642 427 1706 490 qua
1734 407 1868 471 comitas
1892 412 1925 472 et

138 536 143 542 ·
166 512 332 576 urbanitas
355 512 486 578 caelibis
510 511 674 577 cuiusdam
695 513 781 576 senis
800 513 960 596 descripta
978 517 1055 578 erat.
1093 511 1156 577 Sed
1180 513 1329 577 omnibus
1352 513 1448 577 rebus
1471 513 1637 598 perpensis
1660 535 1720 600 ego
1742 536 1807 579 non
1830 515 1924 579 credo

165 618 221 683 illa
244 641 263 683 a
285 618 401 685 Plauto
425 642 483 704 per
505 619 810 685 contaminationem
829 620 952 685 adiecta
975 643 1052 686 esse.
1099 619 1169 697 Qua
1192 619 1230 684 de
1254 643 1288 684 re
1310 619 1383 684 vide
1406 619 1492 684 infra
1509 644 1539 705 p.
1555 621 1607 687 20.

324 726 439 792 Restat
458 731 495 792 ut
513 749 670 812 exponam
690 727 728 792 de
747 728 843 792 tertio
863 749 978 814 genere
997 728 1164 793 hominum
1180 728 1365 793 criticorum
1379 727 1425 811 (c)
1440 727 1745 793 contaminationem
1766 727 1799 792 in
1818 727 1924 793 Milite

164 832 306 918 glorioso
330 833 488 899 latissime
511 834 653 918 patuisse
677 836 912 901 arbitrantium.

325 940 516 1026 Priusquam
541 947 648 1007 autem
672 943 803 1007 adrem
834 944 937 1027 ipsam
970 943 1130 1028 accedam,
1161 965 1260 1008 unum
1292 964 1520 1008 commemoro:
1551 964 1623 1007 cum
1657 942 1806 1008 homines
1837 942 1924 1008 docti

165 1049 221 1133 qui
240 1048 272 1112 in
291 1049 354 1113 hoc
372 1070 488 1135 genere
507 1050 658 1115 afferendi
673 1054 762 1136 sunt,
781 1051 861 1116 duos
880 1052 1086 1136 potissimum
1101 1053 1206 1116 fontes
1222 1050 1359 1115 Graecos
1379 1050 1561 1116 comoediae
1575 1049 1744 1115 Plautinae
1762 1050 1924 1115 exstitisse

164 1160 293 1242 putent,
312 1177 373 1242 ego
391 1160 428 1221 ut
446 1157 597 1222 brevitati
616 1159 767 1244 serviam,
785 1158 1010 1245 Alazonem,
1029 1159 1133 1245 ignoti
1153 1158 1318 1223 cuiusdam
1336 1163 1449 1243 poetae
1468 1157 1624 1244 fabulam,
1643 1156 1729 1242 quod
1748 1157 1924 1242 principale

165 1263 306 1327 creditur
334 1265 496 1349 exemplar
519 1265 632 1350 fuisse,
661 1265 771 1330 littera
793 1266 837 1346 A,
863 1267 950 1351 quod
972 1289 1048 1332 vero
1079 1266 1302 1332 secundarium
1332 1264 1496 1350 exemplar
1524 1264 1680 1330 Graecum
1711 1265 1924 1350 existimatur,

165 1370 475 1454 ignotam'fabulam
499 1373 602 1458 ignoti
627 1373 792 1439 cuiusdam
815 1379 941 1461 poetae,
964 1374 1073 1439 littera
1091 1375 1125 1438 Β
1141 1373 1338 1458 significabo.
1376 1371 1428 1437 Ad
1451 1372 1615 1458 exemplar
1632 1374 1666 1438 Β
1684 1376 1791 1436 autem
1816 1373 1925 1437 omnia

165 1498 202 1541 ea
224 1478 336 1542 referri
360 1501 441 1563 quae
465 1481 505 1545 ad
527 1482 708 1565 perfossum
731 1482 886 1566 parietem
910 1486 1057 1567 spectant
1080 1504 1144 1546 non
1169 1480 1326 1564 estquod
1350 1477 1505 1544 moneam.

323 1586 451 1652 Primus
471 1589 615 1653 omniurn
634 1587 948 1675 'PhLadewigius
972 1590 1005 1654 in
1024 1589 1140 1654 studiis
1159 1587 1318 1652 Plautinis
1336 1586 1501 1672 Philologi
1520 1586 1676 1652 volumini
1695 1585 1790 1651 XVII
1805 1584 1923 1674 (1861)

165 1691 295 1757 insertis
317 1717 347 1778 p.
362 1695 428 1761 260
443 1716 489 1778 sq.
509 1696 684 1760 affirmavit
708 1697 741 1760 in
764 1697 798 1762 Β
818 1695 1092 1762 Ρ111180018881881
1115 1718 1180 1761 888
1204 1695 1310 1760 801818
1334 1700 1371 1759 81
1394 1693 1576 1759 Sceledrum
1603 1694 1763 1779 deciperet
1786 1694 1922 1759 duarum

165 1822 311 1865 sororum
335 1801 404 1867 vice
426 1803 571 1867 functam
590 1825 672 1888 esse,
695 1805 752 1868 sed
770 1804 876 1889 ipsum
892 1825 1019 1889 quoque
1038 1803 1175 1868 militem
1195 1803 1304 1868 eadem
1319 1801 1523 1867 simulatione
1543 1803 1582 1867 ab
1602 1824 1639 1866 ea
1658 1823 1727 1867 esse
1746 1802 1923 1887 deceptum.

164 1906 351 1993 Exemplari
375 1911 408 1974 A
431 1913 538 1974 autem
562 1932 632 1975 eam
651 1912 810 1976 rationem
829 1911 875 1975 rei
894 1912 1035 1998 agendae
1055 1913 1198 1995 subesse,
1222 1933 1318 1995 quam
1337 1909 1514 1973 Palaestrio
1533 1931 1561 1972 v.
1578 1909 1754 1976 765-803
1773 1908 1923 1995 explicat,

164 2015 267 2079 nisam
301 2015 390 2081 illam
424 2017 552 2101 quidem
583 2018 616 2083 in
646 2018 1001 2084 18111118881081811880
1034 2041 1070 2083 ac
1099 2019 1242 2083 libidine.
1288 2017 1396 2101 Atque
1420 2038 1459 2080 ex
1483 2016 1517 2080 Β
1539 2019 1685 2100 sumptos
1708 2016 1809 2081 fuisse
1832 2020 1923 2081 actus

164 2123 305 2205 primunr
330 2128 362 2188 et
392 2123 529 2189 alterum
551 2124 679 2190 fabulae
703 2125 886 2211 Plautinae,
915 2131 1080 2212 praeterea
1109 2147 1148 2189 ex
1178 2125 1275 2189 tertio
1306 2146 1417 2189 versus
1447 2122 1637 2190 610-764
1667 2123 1923 2209 01805-812,

165 2228 289 2314 reliqua
322 2231 431 2295 omnia
463 2253 531 2297 esse
564 2254 603 2296 ex
635 2232 777 2299 Alazone
810 2235 885 2319 (A).
940 2233 1050 2298 Etiam
1082 2231 1253 2318 Artotrogi
1286 2253 1455 2316 personam
1488 2228 1680 2315 protaticam
1714 2230 1787 2295 inde
1820 2230 1922 2295 videri

164 2337 369 2419 repetendam
393 2360 477 2424 esse,
501 2339 587 2424 quod
609 2339 689 2405 haec
711 2364 826 2406 scaena
849 2364 888 2405 ex
910 2341 944 2405 Β
965 2341 1156 2424 deprompta
1179 2339 1233 2404 sit..
1276 2338 1365 2403 Haec
1387 2337 1563 2423 Ladewigii
1581 2338 1742 2402 sententia
1760 2342 1809 2403 est
1827 2359 1921 2422 quern

165 2447 258 2508 antea
280 2444 374 2510 aliter
397 2447 556 2533 cogitasse
579 2446 617 2512 de
640 2447 700 2513 hac
722 2450 827 2533 prima
850 2470 964 2514 scaena
987 2469 1085 2531 supra
1106 2471 1136 2532 p.
1150 2448 1229 2531 4sq.
1248 2445 1369 2511 dictum
1394 2449 1450 2510 est
1561 2521 1563 2526 ,

323 2551 429 2619 Multo
461 2554 590 2640 longius
623 2556 656 2619 in
689 2555 928 2641 comprobanda
959 2554 1231 2620 contaminatione
1267 2574 1459 2639 progressus
1495 2556 1544 2617 081
1580 2550 1851 2617 Aborenzius
1888 2551 1922 2616 in

165 2655 288 2723 duabus
311 2659 439 2725 fabulae
463 2661 658 2727 editionibus
677 2661 778 2750 (Lor.l
800 2664 884 2730 1869
903 2687 933 2749 p.
949 2664 991 2730 36
1010 2685 1079 2747 sqq.
1093 2661 1181 2727 Lor.2
1202 2662 1286 2728 1886
1305 2684 1335 2746 p.
1351 2662 1391 2727 31
1408 2658 1503 2747 sqq),
1526 2658 1582 2744 qui
1605 2660 1646 2723 ad
1669 2660 1921 2744 componendam

164 2762 308 2830 fabulam
331 2765 480 2832 Latinam
509 2774 702 2854 quattuor
730 2770 888 2835 fabulas
913 2769 1081 2836 Graecas
1111 2769 1313 2835 adhibitas
1344 2772 1382 2832 et
1413 2790 1522 2833 unam
1556 2789 1730 2832 scaenam
1761 2770 1923 2832 totama

164 2868 304 2937 Plauto
329 2873 371 2939 de
395 2897 466 2940 suo
490 2876 670 2942 affictam
693 2900 775 2942 esse
799 2877 957 2962 opinatur.

293 3039 296 3045 .
323 2980 471 3047 Alterum
504 2983 589 3048 enirn
622 2987 730 3049 actum
763 3007 832 3050 esse
855 3007 895 3050 ex
917 2984 963 3063 B,
987 2984 1125 3069 perfossi
1155 2984 1289 3068 parietis
1313 2983 1435 3069 fabula,
1464 3005 1504 3047 ex
1534 2981 1568 3047 A
1597 2985 1704 3047 sutem
1738 2979 1922 3070 (Alazona),

163 3084 275 3151 fabula
297 3088 422 3172 puellae
445 3112 463 3155 8
486 3092 635 3156 manibus
658 3092 773 3157 militis
797 3093 829 3157 vi
853 3096 996 3177 ereptae,
1023 3092 1234 3176 posteriorem
1257 3095 1383 3176 partem
1413 3089 1535 3174 primae
1564 3110 1696 3154 scaenae
1719 3094 1809 3154 actus
1832 3090 1921 3155 tertii

164 3192 238 3257 inde
261 3216 280 3258 a
304 3197 450 3262 versibus
475 3197 1042 3286 ras-812‚111,3(874-946),
1065 3204 1230 3284 praeterea
1259 3201 1350 3262 actus
1373 3196 1421 3262 IV
1444 3201 1476 3262 et
1501 3197 1537 3262 V.
1583 3196 1636 3260 Ex
1658 3196 1755 3261 tertia
1784 3196 1920 3281 quadam

165 3302 329 3367 comoedia
353 3302 474 3369 Graeca
496 3306 536 3370 ad
559 3306 798 3393 coniungendas
821 3311 929 3391 partes
952 3306 1095 3370 diversae
1114 3307 1249 3392 originis
1269 3308 1396 3390 apoeta
1419 3303 1644 3388 interpositam
1663 3325 1732 3368 esse
1755 3304 1921 3389 grandius·

165 3405 270 3472 calam
300 3409 389 3475 illam
418 3435 546 3478 morum
569 3414 816 3499 descriptionem
848 3436 929 3499 quae
958 3414 1095 3478 habetur
1126 3414 1158 3478 in
1192 3412 1338 3479 versibus
1361 3412 1559 3478 596-764.
1614 3410 1768 3476 Adiectae
1790 3432 1922 3476 scaenae

165 3513 321 3581 rationem
340 3523 452 3584 nostra
470 3521 681 3587 admiratione
703 3544 772 3587 esse
798 3522 928 3607 dignam
948 3521 1128 3605 Plautoque
1151 3520 1289 3606 gratiam
1314 3541 1383 3584 esse
1402 3518 1599 3604 habendam,
1622 3518 1708 3602 quod
1722 3517 1921 3603 splendidam

164 3618 252 3686 illam
283 3624 455 3710 imaginem
488 3629 574 3693 vitae
600 3629 728 3694 Atticae
755 3630 850 3694 nobis
887 3629 1064 3694 servaverit
1098 3627 1177 3713 (qua
1208 3628 1246 3692 de
1276 3650 1310 3691 re
1340 3648 1399 3713 ego
1436 3648 1527 3690 secus
1562 3624 1685 3711 iudico,
1714 3624 1786 3690 vide
1818 3650 1848 3710 p.
1867 3627 1919 3692 20.

165 3725 318 3795 Scaenam
340 3734 546 3818 parasiticam
569 3737 740 3822 Artotrogi
764 3759 802 3801 ex
826 3736 889 3801 alia
912 3735 1048 3821 quadam
1071 3734 1236 3800 comoedia
1259 3757 1342 3798 nova
1365 3733 1568 3818 adsumptam
1592 3754 1661 3797 esse
1691 3753 1728 3796 ac
1751 3731 1920 3797 Lucrionis

164 3857 312 3902 scaenam
334 3844 437 3906 totam
460 3864 526 3906 non
549 3842 695 3909 adhibito
718 3842 893 3929 exemplari
917 3842 1038 3908 Graeco
1062 3842 1198 3906 viderie
1216 3840 1331 3906 Plauto
1351 3840 1421 3925 ipso
1440 3840 1619 3925 inventam,
1643 3840 1734 3904 cuius
1757 3838 1920 3924 opinionis

164 3945 457 4014 causamdesidera
486 3949 578 4025 Quod
588 3950 745 4016 habeatur
759 3974 797 4015 ex
812 3949 987 4036 exemplari
997 3951 1040 4028 Β,
1060 3949 1094 4014 id
1108 3949 1197 4014 brevi
1219 3949 1307 4013 exitu
1326 3947 1456 4013 auctum
1475 3948 1554 4012 satis
1574 3968 1641 4011 0888
1667 3947 1708 4010 ad
1726 3946 1919 4030 explendum

163 4058 389 4137 argumentum
412 4056 553 4141 fabulae,
577 4059 628 4123 cui
651 4058 697 4123 rei
721 4057 790 4124 iure
813 4062 972 4145 repugnat
986 4055 1261 4122 ORibbeckius
1275 4054 1427 4121 Alazonis
1449 4077 1481 4139 p.
1497 4057 1547 4120 72.
1585 4053 1633 4117 De
1655 4052 1783 4117 fabulae
1805 4054 1839 4119 Β
1855 4056 1919 4119 1180

163 4157 211 4223 810
240 4159 361 4227 iudicat
383 4162 605 4229 Lorenaius:
639 4164 715 4230 dum
738 4166 853 4230 illusus
876 4165 1107 4230 Philocomasii
1130 4169 1238 4229 0118108
1261 4186 1301 4229 80
1323 4185 1427 4249 poena
1450 4160 1610 4227 afficiatur
1632 4159 1754 4226 veritus
1782 4161 1918 4247 aufugit,

163 4264 435 4335 Philocomasium
454 4270 583 4337 interim
603 4294 675 4337 cum
694 4272 852 4338 Pleusicle
869 4295 927 4358 per
945 4271 1078 4357 parietis
1096 4272 1240 4336 foramen
1261 4271 1455 4356 domumque
1474 4269 1613 4334 vicinam
1627 4268 1766 4334 avolant.
1797 4265 1919 4333 088188

163 4372 308 4458 disputat
330 4376 404 4443 Leo
427 4402 457 4463 p.
480 4380 551 4446 162.
1853 4372 1855 4376 ⁸

321 4483 471 4550 Lorenaii
499 4486 646 4574 vestigiis
675 4488 798 4553 insistit
829 4487 855 4552 F
861 4486 1143 4553 rSchmidtius
1173 4485 1277 4550 annal.
1297 4484 1492 4550 Fleckeisen.
1511 4483 1573 4549 vol.
1593 4482 1697 4567 suppl.
1711 4480 1759 4546 IX
1780 4482 1918 4567 1877178

162 4611 193 4672 p.
209 4589 272 4656 391
293 4612 371 4677 sqq,
396 4592 451 4677 qui
475 4594 649 4658 secundum
673 4597 781 4659 actum
804 4618 843 4659 ex
867 4595 901 4659 Β
922 4595 1054 4660 fluxisse
1078 4592 1194 4677 credit,
1218 4616 1258 4658 ex
1280 4594 1313 4657 A
1335 4596 1440 4657 autem
1468 4595 1560 4656 actus
1574 4588 1623 4655 ΠΙ
1641 4588 1735 4653 -V
1754 4593 1787 4654 et
1808 4611 1919 4655 versus

162 4697 304 4764 54--78
327 4699 424 4784 primi
448 4705 547 4765 actus.
597 4701 773 4787 Prolognm
804 4701 949 4768 adhibito
973 4706 1111 4786 utroque
1135 4699 1281 4786 exemplo
1304 4722 1323 4764 a
1345 4704 1441 4784 poeta
1463 4699 1579 4763 Latino
1608 4719 1677 4762 0888
1700 4696 1917 4781 conscriptum

163 4801 207 4889 (p.
222 4803 313 4892 401),
342 4807 376 4871 in
399 4808 459 4874 hac
481 4808 582 4894 igitur
605 4832 639 4873 re
662 4832 680 4874 8
703 4809 850 4876 Lorenzii
874 4810 1035 4876 sententia
1063 4809 1183 4873 recedit
1211 4808 1382 4893 prologum
1413 4807 1453 4871 ad
1484 4809 1517 4872 B
1545 4806 1706 4891 pertinere
1736 4803 1918 4868 iudicantis.

163 4911 286 4978 Versus
311 4914 429 4983 1-50
453 4915 651 4982 Schmidtius
683 4922 740 4983 aut
769 4940 809 4983 ex
838 4917 901 4982 alia
925 4916 1061 5002 quadam
1084 4915 1195 4981 fabula
1224 4919 1371 4999 sumptos
1399 4919 1455 4990 aut
1479 4913 1588 4999 potius
1610 4936 1629 4976 a
1652 4911 1767 4976 Plauto
1791 4910 1918 4975 additos

162 5042 232 5086 0888
252 5026 354 5107 putat.

242 5146 301 5189 881.
320 5146 554 5190 1818888818.
894 5164 902 5175 ·
1085 5175 1089 5182 .
1688 5143 1704 5193 a
