4186 5424
1084 190 1128 261 28

391 400 455 466 ΡΕ.
478 399 632 483 Loquere.
677 398 743 462 PY.
763 421 836 463 non
855 398 898 462 de
917 398 1045 463 nihilo
1064 400 1267 463 factumst:
1286 397 1543 464 uiduamherele
1561 419 1630 470 ease
1645 399 1763 464 sensui.
2059 470 2063 475 ,

231 510 337 594 Miles,
368 530 463 592 quem
492 529 572 591 puer
599 506 672 571 dolo
696 505 964 590 Periplectomeni
988 506 1118 572 domum
1150 506 1315 589 allexerat,
1339 507 1430 591 quasi
1453 508 1487 571 in
1511 505 1670 573 adulterio
1694 506 1911 592 deprehensus
1934 505 1998 573 ubi

231 618 364 682 verbera
387 619 419 681 et
441 614 663 699 evirationem,
691 613 820 678 solitam
843 614 1049 680 moechorum
1078 635 1229 699 poenam,
1255 614 1318 678 sibi
1346 614 1513 679 imminere
1541 614 1640 679 sentit
1663 636 1733 681 sese
1761 618 1894 680 exeusat
1916 634 1996 694 eum

232 724 310 789 dieit
333 745 367 788 se
391 744 456 787 non
478 722 578 808 ultro,
606 721 661 787 sed
685 725 811 785 oratum
834 722 960 786 venisse
982 726 1015 786 et
1038 744 1095 786 eur
1118 722 1164 786 ire
1188 742 1285 786 ausus
1308 721 1352 785 sit
1380 722 1597 808 interrogatus
1625 721 1799 806 respondet
1826 743 1892 788 nou
1921 721 1997 787 sine
2027 736 2060 815 ἰ’

233 853 329 896 eausa
358 852 392 894 se
422 830 498 914 isse,
533 829 573 893 ab
608 827 725 893 ancilla
758 827 974 893 conciliatriee
1005 851 1038 893 se
1060 819 1261 913 ¹comperisse
1289 829 1416 894 viduam
1447 829 1536 894 illam
1566 851 1643 895 esse.
1702 827 1741 893 In
1770 829 1876 894 verbis
1907 828 1998 897 nihil

233 938 355 1002 mutavi
378 936 440 1001 nisi
464 937 539 1001 (777777
561 936 595 1001 in
618 937 655 1001 de
677 941 710 1000 et
731 935 840 1001 ostiolo
858 935 893 999 in
910 936 1017 1001 attrito.
1064 935 1129 1001 Cur
1157 936 1194 1002 de
1220 937 1254 1000 in
1281 937 1357 1001 7777777
1379 942 1566 1021 corruptum
1590 936 1786 1022 antigamo,
1813 936 1954 1002 fortasse
1979 956 1998 1002 e
2027 998 2031 1003 .
2055 950 2061 961 '

232 1043 486 1129 superscriptum
509 1066 567 1128 pro
580 1047 615 1071 Ν
638 1042 757 1107 leetum
785 1047 844 1107 est.
889 1041 998 1107 Vnum
1021 1064 1137 1108 moneo
1164 1045 1202 1109 17
1226 1043 1352 1108 litteras
1382 1065 1454 1108 cum
1484 1065 1654 1128 personae·
1668 1043 1774 1128 spatio
1805 1042 1928 1127 optime
1958 1042 1997 1108 in

232 1150 438 1216 Ambrosiani
454 1150 627 1215 fenestram
642 1149 824 1234 convenire,
843 1171 880 1214 aa
898 1149 925 1213 si
940 1150 1024 1215 forte
1038 1149 1134 1214 nimis
1149 1149 1269 1215 multae
1283 1154 1372 1236 sunt,
1389 1152 1454 1216 nilo
1473 1128 1507 1215 in
1521 1153 1553 1216 A
1567 1174 1626 1236 pro
1640 1152 1739 1218 nitito
1753 1151 1853 1215 fuisse
1872 1153 2001 1235 potat·
2055 1130 2061 1141 Ι

233 1256 285 1323 Ad
312 1257 430 1322 falsum
459 1257 539 1322 illud
562 1259 595 1321 in
621 1258 666 1323 B:
693 1258 797 1339 fuetus
823 1278 883 1340 pro
903 1258 1023 1338 taetrae
1046 1263 1101 1336 est,
1127 1257 1213 1341 quod
1238 1258 1331 1324 CDZ
1349 1257 1482 1340 habent,
1496 1258 1545 1323 ⁴ef.
1570 1281 1697 1324 versum
1723 1260 1797 1343 180,
1819 1258 1876 1322 ubi
1898 1257 1936 1322 in
1959 1257 1998 1323 A
2063 1258 2066 1263 ’

233 1362 601 1430 PEREUNDUSET
619 1363 740 1449 legitur
758 1385 817 1447 pro
829 1366 1022 1446 pariendum
1036 1371 1090 1443 est,
1107 1365 1193 1448 quod
1207 1369 1256 1430 est
1270 1366 1303 1429 in
1317 1365 1384 1430 FZ.
1399 1365 1563 1449 pereunda
1580 1366 1608 1430 si
1623 1363 1671 1454 (=
1685 1365 1932 1451 pereundumst)
1949 1365 1995 1431 B.

393 1471 443 1537 Da
460 1472 558 1537 attilo
573 1505 606 1523 =
621 1471 690 1536 sina
710 1493 804 1536 eausa
823 1475 855 1536 et
874 1470 943 1535 sine
961 1472 1132 1557 negatione
1150 1477 1184 1539 et
1202 1494 1274 1537 eum
1297 1472 1468 1558 negatione
1487 1477 1662 1557 usurpatur
1680 1473 1719 1540 ef.
1739 1471 1830 1538 (lure.
1848 1472 1914 1540 478
1937 1472 1998 1555 qui
2024 1525 2027 1530 ,

233 1582 325 1646 adteri
338 1581 375 1646 de
388 1579 452 1644 ailo
466 1579 613 1645 audacter
626 1579 734 1643 diezent
745 1579 973 1656 rontarrreliam,
989 1578 1059 1643 Ter.
1074 1579 1151 1644 Hae.
1163 1581 1225 1646 727
1240 1602 1303 1645 aon
1321 1580 1376 1646 aa
1393 1581 1431 1653 de,
1447 1580 1585 1659 ailiilost,
1609 1582 1690 1664 qnod
1707 1580 1825 1648 Laelios
1843 1602 1891 1646 ote
1908 1600 1999 1647 aune
2071 1600 2074 1606 ·

233 1692 413 1753 conuentum
449 1705 512 1752 esse
542 1687 652 1768 expetit
684 1684 723 1750 ef.
747 1685 845 1749 etiam
868 1685 961 1750 Trua.
982 1687 1046 1752 769
1069 1688 1106 1752 de
1136 1688 1202 1753 ailo
1232 1689 1280 1753 ait
1307 1693 1350 1753 est
1383 1689 1489 1766 irasci,
1526 1710 1604 1770 prate
1635 1694 1663 1755 te
1693 1710 1756 1754 aon
1787 1688 1873 1770 flocci
1902 1688 1996 1769 (aad.
2060 1746 2063 1753 .

234 1791 471 1877 Propert.ll.3‚
482 1793 523 1858 16
542 1792 617 1858 Noa
633 1812 702 1857 aum
717 1793 754 1857 de
771 1791 869 1857 nileilo
890 1793 1029 1858 Claudios
1047 1800 1168 1859 ornator
1186 1815 1239 1878 epo
1252 1792 1293 1860 Π.
1306 1795 1355 1880 16,
1365 1795 1408 1861 52
1427 1795 1501 1861 Noa
1519 1795 1573 1861 loc
1591 1795 1628 1862 de
1643 1796 1743 1861 nihilo
1760 1801 1803 1861 ast
1817 1794 1998 1879 eadamque

234 1900 355 1965 locutio
379 1898 464 1984 apud
487 1898 616 1964 Livium
639 1902 673 1963 et
695 1898 896 1963 Macrobium
919 1899 1090 1964 invenitur.
2058 1926 2067 1959 ·.

395 2005 435 2071 V.
461 2007 547 2073 1430
579 2006 716 2089 denique
738 2006 770 2069 A
793 2003 891 2070 habet
917 2004 1861 2084 NAMILLIOQUIOBOCULUMKABEBATLanam
1893 2012 1999 2073 nauta

233 2111 459 2180 NONERAT
478 2112 580 2201 (quod
598 2112 752 2198 descripsi
770 2112 889 2177 litteris
908 2113 1096 2179 minusculis
1115 2115 1148 2178 in
1164 2115 1196 2179 A
1213 2114 1277 2200 legi
1299 2137 1363 2178 non
1387 2114 1523 2202 potest),
1546 2139 1565 2180 a
1584 2138 1647 2200 qua
1669 2116 1830 2199 scriptura
1849 2114 1997 2181 Palatini
2062 2158 2065 2163 ·

235 2221 360 2285 codices
384 2220 552 2286 discedunt
575 2242 647 2286 eum
669 2219 802 2285 habent:
830 2242 905 2285 narn
928 2220 982 2285 ille
1007 2221 1062 2305 qui
1084 2220 1192 2287 lanam
1210 2223 1252 2287 ob
1272 2222 1400 2286 oculum
1423 2221 1572 2288 habebat.
1608 2222 1676 2288 Alii
1699 2222 1762 2287 alia
1785 2221 1997 2309 seripserunt,

235 2348 295 2412 ego
320 2327 572 2392 Ambrosianum
595 2328 628 2393 in
652 2327 871 2394 collocatione.
885 2328 1056 2393 verborum
1075 2333 1204 2394 secutus
1227 2329 1346 2395 sariba:

441 2453 516 2516 natm
540 2451 607 2517 illie
630 2453 685 2536 qui
708 2453 750 2518 ob
775 2453 1010 2526 <laeu0m>
1031 2453 1159 2518 oculum
1182 2453 1323 2519 habebat
1345 2453 1451 2518 lainam
1474 2458 1572 2519 nauta
1594 2455 1659 2518 n6n
1683 2458 1759 2518 erat.

395 2574 488 2640 Hane
516 2577 770 2642 emendationem
798 2577 862 2641 iam
893 2577 948 2641 diu
978 2599 997 2641 a
1020 2598 1071 2641 me
1093 2579 1211 2643 saetam
1241 2600 1324 2643 anno
1351 2580 1433 2645 1891
1459 2601 1517 2664 per
1544 2578 1672 2644 litteras
1702 2601 1773 2644 cum
1805 2576 1997 2663 OSeyfferto

237 2682 554 2747 eommuniaaveram.
