4186 5424
931 284 934 288 .
1046 195 1065 264 7

175 408 320 491 augetur.
367 402 448 469 (lum
472 408 580 469 autem
603 405 684 470 aliae
706 425 860 490 personae
884 408 940 469 aut
962 387 1248 470 necessariae'sint
1270 407 1326 468 aut
1349 382 1464 468 siltem
1492 402 1565 469 cuin
1593 401 1721 469 fabulae
1748 410 1937 492 argumento

104 571 114 587 ,
175 518 251 597 apte
278 511 482 596 cohaereant,
509 511 571 578 hoc
593 511 679 576 idem
703 512 750 577 de
765 510 924 577 Lucrione
947 512 1011 577 dici
1033 511 1123 577 nullo
1146 511 1242 576 modo
1265 515 1386 596 potest:
1415 512 1616 596 producitur,
1644 511 1728 576 nihil
1750 513 1829 578 lacit
1852 511 1939 597 quod

174 621 334 706 pertineat
357 619 502 706 adrem,
525 619 607 705 abit,
630 641 805 704 numquam
834 618 868 683 in
891 640 1038 684 scaenam
1066 619 1158 685 redit,
1205 618 1307 696 Quam
1331 619 1373 683 ob
1397 641 1467 684 rem
1490 619 1640 692 existimo
1663 619 1747 685 hanc
1769 619 1938 685 Lucrionis

89 798 99 813 ο
174 749 359 813 personam,
395 729 499 817 ,quam
540 727 753 812 spectantium
795 726 968 802 cachinnos
1007 727 1220 792 excitaturam
1259 726 1339 791 bene
1383 725 1493 810 sciret,
1534 726 1624 791 nulla
1661 726 1725 792 alia
1763 727 1802 792 de
1843 749 1939 792 causa

175 835 238 900 nisi
270 840 317 920 ut
344 834 500 903 Ronmnis
537 833 668 899 auribus
707 833 888 919 indulgeret
922 857 941 898 a
972 818 1089 900 Latino
1127 834 1254 899 demum
1292 838 1387 918 poeta
1420 832 1603 899 adiunctam
1637 855 1706 899 esse
1740 833 1778 898 de
1809 833 1938 899 fabulae

175 942 423 1008 necessitatibus
460 962 581 1007 securo.
635 940 744 1026 Atque
779 963 927 1007 scaenam
954 952 1021 1026 'per
1058 964 1092 1006 se
1130 963 1200 1006 esse
1230 940 1380 1006 eximiam
1414 946 1447 1006 et
1483 964 1500 1005 e
1533 939 1642 1028 magni
1674 941 1808 1007 artificis
1839 962 1937 1005 manu

131 1086 136 1094 ·
173 1049 352 1134 profectam
366 1049 524 1142 ,libenter
556 1049 694 1115 concedo
721 1048 891 1134 Lorenzio,
925 1050 981 1134 qui
1010 1053 1118 1114 tamen
1146 1049 1180 1113 in
1209 1048 1269 1113 hac
1300 1071 1335 1113 re
1363 1048 1432 1113 sine
1460 1048 1558 1113 dubio
1588 1049 1722 1133 errauit,
1755 1049 1841 1132 quod
1867 1049 1938 1113 eius

174 1150 391 1223 inventionem
423 1157 486 1241 ipsi
514 1157 629 1222 Plauto
657 1156 781 1221 tribuit.
833 1155 897 1222 Gur
926 1157 1011 1221 enim
1038 1161 1135 1241 poeta
1166 1155 1301 1220 Latinus
1332 1155 1370 1220 de
1402 1177 1460 1220 suo
1489 1177 1559 1220 eam
1587 1155 1747 1220 addidisse
1775 1155 1937 1240 putandus

174 1264 234 1350 sit,
255 1263 386 1329 difficile
409 1269 458 1329 est
481 1264 522 1329 ad
545 1263 809 1351 intellegendum:
832 1264 932 1329 immo
956 1286 995 1328 ex
1019 1264 1082 1328 alia
1105 1263 1269 1328 comoedia
1293 1260 1414 1336 Graeca
1436 1285 1507 1327 eam
1530 1263 1655 1328 adiecit.

282 1370 300 1429 'a
334 1369 397 1437 Sed
415 1372 491 1438 nolo
514 1371 548 1437 in
571 1372 631 1437 hac
654 1372 842 1456 quaestione
862 1371 980 1457 longus
998 1392 1081 1456 csse,
1104 1371 1213 1436 omnia
1231 1369 1317 1434 enim
1337 1390 1417 1454 quae
1437 1370 1470 1434 in
1490 1391 1560 1434 eam
1579 1393 1646 1435 rem
1666 1369 1772 1435 afferri
1791 1375 1937 1457 possunt,

174 1499 231 1543 cur
254 1500 368 1543 scaena
390 1479 424 1543 in
448 1478 569 1544 Graeco
594 1479 766 1564 exemplari
791 1478 898 1544 locum
922 1501 986 1543 non
1009 1478 1172 1563 habuerit,
1199 1477 1272 1542 ride
1295 1477 1381 1561 apud
1402 1475 1668 1542 FrSchmidtium
1691 1501 1722 1562 p.
1737 1479 1935 1546 379-384.
1995 1473 1997 1478 ’

174 1583 376 1671 Quamquam
416 1587 485 1651 cius
526 1586 565 1650 de
605 1591 738 1652 scaenae
779 1585 904 1672 origine
945 1585 1137 1650 sententiam
1179 1584 1312 1649 minime
1352 1583 1463 1667 probo.
1516 1583 1615 1649 Putat
1655 1584 1742 1649 enim
1782 1607 1853 1650 eam
1894 1586 1935 1651 ab

101 1743 107 1753 .
174 1696 384 1758 retractatore
413 1693 522 1778 aliquo
555 1694 588 1758 in
618 1693 682 1758 alia
714 1693 821 1758 Plauti
851 1693 961 1758 fabula
993 1696 1152 1777 repertam
1184 1691 1284 1756 Militi
1317 1689 1466 1756 Glorioso
1500 1691 1657 1756 adnexam
1687 1714 1755 1757 esse
1786 1692 1830 1778 (p.
1846 1692 1934 1781 386).

173 1797 297 1875 Quibus
335 1801 525 1886 ambagibus
563 1801 643 1865 mihi
676 1800 838 1866 videretur
872 1799 1026 1865 utendum
1064 1820 1147 1882 csse,
1184 1799 1212 1863 si
1244 1802 1508 1884 argumentorum
1541 1797 1700 1882 gravitate
1732 1800 1935 1884 comprobari
1991 1881 1992 1885 Ἰ
2043 1831 2045 1835 ·

171 1911 283 1990 posset
312 1911 419 1972 totum
448 1908 555 1973 locum
585 1909 620 1972 in
649 1909 790 1994 genuina
819 1907 927 1973 Plauti
965 1905 1128 1972 comoedia
1161 1905 1304 1969 nondum
1334 1903 1509 1970 exstitisse:
1544 1906 1600 1969 sed
1630 1906 1709 1970 hacc
1745 1901 1946 1993 argumenta‘

173 2012 402 2080 desiderantur.
449 2014 537 2092 Quae
561 2036 633 2079 cum
657 2016 703 2080 ito
726 2016 792 2079 sint
814 2036 1001 2099 persuasum
1025 2014 1128 2078 habeo
1157 2014 1256 2077 mirae
1279 2012 1410 2077 virtutis
1438 2013 1577 2077 comicae
1605 2035 1752 2078 scaenam
1776 2036 1796 2078 a
1817 2013 1933 2080 Plauto

172 2141 242 2185 csse
272 2112 425 2186 insertam
456 2122 552 2207 idque
583 2123 651 2206 ipse
680 2144 808 2207 quoque
832 2121 1030 2187 Schmidtius
1058 2121 1221 2207 significat
1243 2142 1273 2204 p.
1288 2120 1363 2186 389.
1409 2117 1526 2184 Omnia
1555 2120 1640 2185 enim
1668 2142 1749 2206 quae
1777 2121 1872 2186 nobis
1895 2121 1934 2185 de

91 2210 101 2222 ⁹
172 2216 412 2293 contaminandi
434 2229 560 2296 ratione
583 2233 660 2294 nota
679 2233 768 2313 sunt,
791 2228 934 2294 eiusdem
956 2232 1032 2293 sunt
1054 2228 1181 2314 generis
1205 2233 1238 2292 et
1261 2227 1288 2291 si
1312 2227 1492 2291 accuratius
1511 2228 1800 2294 examinaverimus
1818 2227 1933 2293 Teren-

171 2334 260 2399 tiana
282 2335 429 2420 exempla
452 2337 742 2402 contaminatorum
765 2337 962 2420 fabularum,
990 2335 1028 2400 de
1052 2335 1170 2420 quibus
1197 2334 1318 2399 auxilio
1340 2333 1461 2399 Donati
1485 2334 1651 2420 aliquanto
1675 2334 1790 2401 saltem
1813 2336 1932 2401 certius

171 2440 306 2507 iudicari
335 2441 426 2528 licet,
459 2466 527 2509 rem
557 2444 604 2509 ita
631 2465 664 2509 se
695 2443 814 2508 habere
843 2444 938 2508 nobis
969 2442 1242 2527 persuadebimus.
1290 2440 1392 2506 Credo
1420 2441 1521 2527 igitur
1547 2464 1659 2508 uersus
1688 2444 1863 2510 813-817
1893 2466 1932 2508 ex

170 2537 312 2615 Alazone
339 2552 487 2635 fluxisse,
517 2574 536 2615 a
558 2550 675 2616 Plauto
706 2556 813 2616 autem
840 2550 968 2616 fabulae
997 2548 1237 2615 accommodata
1264 2571 1333 2613 csse
1359 2571 1440 2633 quae
1468 2553 1655 2634 sequuntur.
1700 2548 1823 2615 Versus
1851 2573 1931 2636 quos

170 2640 349 2741 interponit
371 2656 549 2722 Palaestrio
580 2657 627 2722 ita
654 2662 766 2741 suapte
798 2661 913 2721 natura
950 2657 1126 2741 comparati
1158 2661 1249 2741 sunt,
1281 2661 1318 2721 ut
1350 2656 1447 2721 etiam
1484 2656 1538 2722 alii
1576 2657 1712 2723 alicuius
1749 2657 1932 2723 comoediae

170 2785 263 2829 servo
278 2765 482 2848 conveniant,
502 2787 696 2850 quamquam
712 2763 910 2829 Schmidtius
928 2764 997 2828 sine
1016 2764 1114 2829 dubio
1133 2764 1252 2829 nimius
1272 2768 1321 2828 est
1340 2764 1396 2848 qui
1414 2762 1666 2829 Palaestrionem
1684 2764 1782 2829 huius
1800 2785 1931 2829 scaenae

169 2868 266 2956 longe
297 2860 458 2936 diversum
486 2894 556 2937 csse
584 2873 670 2938 dicat
699 2895 717 2936 a
744 2873 887 2956 reliquae
914 2871 1041 2936 fabulae
1071 2871 1297 2936 Palaestrione.
1344 2869 1432 2948 Quae
1462 2871 1547 2937 enim
1575 2871 1804 2936 Palaestrionis
1834 2873 1931 2937 verba

146 2976 230 3042 ·hac
258 2979 290 3043 in
318 3001 353 3043 re
379 2979 537 3064 respicere
565 2980 723 3064 potuerit,
747 3000 807 3065 ego
835 2979 964 3064 quidem
991 2979 1107 3045 nescio.
1154 2978 1275 3044 Versus
1300 2979 1364 3045 863
1393 3000 1439 3063 sq.
1459 3002 1478 3043 a
1502 2978 1617 3043 Plauto
1642 2978 1744 3043 additi
1772 2984 1861 3062 sunt,
1893 2983 1931 3043 ut
2052 3042 2055 3047 .

170 3106 252 3168 quae
275 3089 368 3150 erant
391 3085 494 3150 aliena
517 3107 589 3154 cum
613 3084 754 3151 Alazone
777 3086 1062 3172 coniungerentur,
1090 3085 1199 3151 eadem
1224 3085 1262 3150 de
1285 3108 1380 3150 causa
1403 3087 1500 3150 etiam
1523 3106 1634 3150 versus
1658 3087 1834 3154 867-869
1852 3085 1930 3151 facti
1956 3159 1961 3168 ,

168 3196 252 3256 sunt.
289 3189 328 3256 In
348 3190 469 3258 Graeca
485 3192 609 3278 fabula,
628 3192 683 3258 ubi
699 3192 866 3258 Sceledrus
885 3193 1137 3258 aPalaestrione
1155 3196 1306 3258 evocatus
1325 3215 1390 3257 non
1409 3192 1569 3278 procedit,
1588 3193 1655 3257 veri
1674 3192 1780 3257 simile
1799 3193 1929 3278 quidem

169 3320 235 3363 non
265 3304 315 3364 est
342 3300 428 3364 hunc
456 3300 567 3365 statim
595 3300 749 3365 transisse
781 3300 822 3365 ad
852 3323 889 3365 ea
916 3322 997 3384 quae
1025 3300 1110 3385 apud
1137 3299 1289 3364 Plautum
1319 3324 1348 3365 v.
1368 3301 1433 3366 870
1455 3299 1620 3385 leguntur,
1651 3299 1684 3364 id
1708 3300 1794 3384 quod
1816 3322 1874 3385 per
1896 3323 1930 3365 se

168 3406 240 3470 ficri
263 3408 378 3491 potuit.
424 3406 518 3484 Quod
541 3408 627 3472 enim
647 3407 845 3473 Schmidtius
863 3432 893 3493 p.
906 3410 971 3475 388
990 3407 1241 3473 Palaestrionem
1261 3406 1362 3471 videri
1385 3407 1447 3472 hoe
1469 3405 1541 3472 loco
1565 3406 1798 3492 aliquantisper
1820 3430 1929 3473 secum

167 3512 313 3579 locutum
333 3535 403 3580 esse
422 3514 513 3599 dicit,
532 3513 565 3579 id
584 3514 624 3579 ad
644 3513 801 3580 Graccum
820 3514 985 3599 exemplar
1003 3513 1195 3579 translatum
1210 3514 1277 3578 veri
1297 3514 1509 3579 similitudine
1523 3513 1656 3579 minime
1674 3519 1769 3580 caret.
1806 3515 1929 3580 V'eruin

168 3621 273 3705 qualis
301 3621 423 3686 Alazon
454 3622 487 3685 in
518 3621 578 3685 hac
608 3626 699 3706 parte
731 3621 829 3687 fuerit
858 3621 1051 3708 investigare
1083 3642 1148 3685 non
1180 3625 1231 3686 est
1257 3620 1353 3686 huius
1377 3621 1452 3686 loci:
1485 3621 1518 3685 in
1551 3621 1657 3686 Plauti
1685 3626 1792 3687 autem
1820 3622 1929 3687 fabula

167 3728 247 3793 haec
276 3750 390 3793 scaena
419 3727 547 3793 videtur
576 3728 683 3793 locum
707 3728 865 3796 habuisse.
913 3728 1000 3804 Quae
1034 3751 1107 3794 cum
1134 3727 1181 3792 ita
1210 3728 1288 3813 sint,
1325 3750 1385 3813 ego
1419 3750 1547 3813 quoque
1575 3727 1712 3794 Militem
1742 3727 1927 3794 Gloriosum

167 3837 270 3901 refero
294 3836 329 3900 in
351 3857 484 3901 numero
508 3836 798 3901 contaminatorum
820 3835 1011 3901 fabularum.

326 3942 544 4026 Disceptanda
565 3942 718 4009 hocloco
739 3948 788 4008 est
813 3943 876 4008 alia
899 3965 951 4007 res
975 3942 1085 4029 magni
1109 3942 1261 4027 ponderis
1286 3941 1342 4007 illa
1363 3941 1505 4026 quidem,
1532 3942 1595 4007 nisi
1618 3940 1726 4026 fallor,
1751 3941 1790 4006 ad
1814 3942 1927 4007 diiudi-

166 4049 300 4116 candum
326 4049 409 4115 hdnc
440 4050 659 4135 quaestionem
689 4074 725 4114 ac
756 4051 926 4116 coniuncta
957 4050 1119 4115 artissimo
1143 4049 1271 4114 vinculo
1302 4071 1374 4115 oum
1404 4049 1573 4114 Lucrionis
1609 4070 1730 4114 scaena.
1776 4048 1811 4113 Si
1841 4050 1925 4114 enim

167 4155 379 4243 Sceledrus,¹)
409 4157 466 4242 qui
496 4179 589 4223 versu
614 4158 680 4225 582
710 4157 773 4222 alio
803 4180 837 4222 se
863 4158 1027 4223 abiturum
1055 4156 1221 4241 professus
1249 4161 1329 4243 erat,
1366 4158 1399 4221 in
1427 4156 1487 4221 hac
1517 4177 1630 4220 scaena
1659 4161 1806 4221 versatur
1839 4156 1926 4221 domi

139 4270 141 4274 '
166 4262 280 4328 militis
304 4267 337 4328 et
359 4264 513 4329 ebrietate
537 4264 606 4330 sola
625 4264 798 4348 quominus
820 4270 913 4330 exeat
935 4264 1122 4349 impeditur,
1146 4264 1264 4329 mirum
1288 4287 1364 4330 sane
1387 4264 1448 4330 hoc
1471 4268 1521 4329 est
1538 4268 1635 4348 atque
1658 4263 1803 4347 ineptum
1822 4285 1926 4347 neque

165 4369 234 4434 reri
253 4368 357 4434 simile
380 4375 430 4436 est
452 4371 486 4436 in
509 4369 619 4437 Attico
643 4371 818 4457 exemplari
841 4394 908 4437 rem
932 4373 979 4436 ita
1001 4393 1035 4436 se
1057 4371 1217 4437 habuisse.
1263 4371 1428 4437 APlauto
1448 4375 1554 4437 autem
1578 4371 1642 4436 tale
1666 4369 1743 4455 quid
1766 4369 1925 4435 committi

165 4478 309 4560 potuisse
331 4499 397 4542 non
415 4478 598 4564 negaverim
622 4502 681 4544 nec
703 4500 760 4544 cur
777 4479 893 4544 FrLeo
912 4502 942 4563 p.
955 4480 1017 4546 166
1041 4483 1132 4544 tanta
1158 4479 1331 4563 asperitate
1349 4478 1520 4543 Ribbeckii
1543 4479 1734 4544 sententiam
1757 4477 1926 4564 impugnet

165 4583 334 4671 intellego:
359 4607 469 4650 verum
492 4590 601 4651 tamen
623 4586 705 4651 nihil
729 4587 891 4652 commisit
909 4586 1058 4672 Plautus,
1081 4585 1206 4670 siquid
1230 4585 1330 4651 video.
1374 4584 1560 4652 Sceledrum
1578 4587 1665 4651 enim
1683 4586 1717 4651 in
1736 4606 1800 4650 una
1817 4585 1926 4669 aliqua

326 4764 352 4831 1)
371 4759 452 4816 Vnde
460 4759 590 4815 Sceledro
609 4778 709 4817 nomen
728 4761 891 4832 impositum
910 4762 948 4817 sit
962 4761 1064 4816 nesciri
1083 4761 1152 4816 dicit
1172 4762 1304 4816 Goetzius
1319 4761 1348 4815 in
1367 4761 1543 4832 praefatione
1562 4761 1694 4817 editionis
1708 4759 1822 4814 maioris
1830 4778 1857 4829 p.
1865 4759 1923 4815 XX.

164 4847 386 4919 FrItitschelius,
413 4853 580 4927 praeceptor
597 4867 675 4905 meus
695 4851 908 4926 dilectissimus,
931 4851 961 4904 in
986 4848 1088 4905 scholis
1112 4851 1298 4921 profitebatur
1320 4851 1473 4921 significari
1497 4850 1550 4905 hoc
1573 4851 1685 4906 nomine
1703 4848 1844 4904 hominem
1870 4848 1923 4902 on'-

164 4937 288 4993 entalem
305 4939 460 5012 suppositis
484 4939 636 4995 feminibus
662 4941 807 4996 sedentem
832 4938 861 5013 (ἡ
881 4937 913 4998 ἐν
931 4947 990 5005 τοῖς
1008 4937 1134 4996 σκέλεσιν
1153 4939 1247 5012 ἔδρα),
1274 4957 1358 5008 qnam
1383 4939 1503 4994 nominis
1529 4938 1746 5009 originationem
1771 4955 1838 4992 num
1862 4937 1923 5007 ipse

163 5026 304 5087 invenerit
321 5028 422 5084 nascio.
952 5022 956 5031 '
1131 5024 1134 5029 '
