4186 5424
946 211 996 284 21,

246 421 368 486 Versus
406 421 515 488 612-
533 420 598 485 615
635 420 675 484 66
715 419 826 483 eodem
867 419 997 485 homine
1036 420 1177 485 adiectos
1216 421 1332 505 videri,
1374 421 1429 506 qui
1467 422 1683 488 adulterinum
1723 425 1845 489 exitum

86 534 176 594 actus
199 511 330 608 secundi
354 526 548 611 composuit,
571 548 636 591 non
659 527 818 610 estquod
844 529 1024 592 accuratius
1047 528 1277 612 demonstrem,
1300 532 1409 612 aperte
1428 530 1513 594 enim
1533 536 1715 616 repugnant
1734 532 1840 596 versui

23 635 25 639 ’
86 639 161 722 598,
185 637 223 701 cf.
238 636 343 724 'etiam
366 634 635 719 FrSchmidtium,
658 657 688 718 p.
709 635 895 706 338-340.

248 743 369 808 Versus
391 743 569 809 616-634
591 740 663 829 (aut
686 741 801 806 saltem
824 743 1011 827 616-625,
1033 743 1062 806 si
1080 764 1191 807 versus
1210 743 1386 809 626-634
1399 744 1590 827 posterioris
1609 744 1744 830 originis
1763 743 1843 832 sint)

85 850 261 929 haudscio
294 874 336 915 an
368 854 501 934 excepto
534 849 628 913 initio
663 870 773 914 versus
804 850 868 917 616
892 853 977 914 recte
1007 871 1040 914 se
1067 849 1221 934 habeant,
1243 871 1280 914 ac
1303 850 1344 935 si,
1377 849 1410 914 id
1442 852 1529 935 quod
1551 852 1749 917 Ribbeckius
1767 848 1843 918 ‘Be-

85 958 272 1041 orerluotpca
285 979 324 1023 eu
342 958 476 1024 Plcidus
496 957 594 1022 Miles
615 952 787 1022 Gloriosus'
808 955 891 1021 Mus.
911 957 1055 1022 Rhenan.
1074 956 1138 1022 Xll
1160 957 1242 1023 1857
1262 979 1292 1041 p.
1308 959 1372 1023 597
1389 979 1435 1041 sq.
1454 959 1632 1024 rectissime
1651 959 1843 1046 suspicatur,

85 1088 197 1130 versus
212 1067 277 1131 624
292 1070 325 1129 et
340 1065 395 1150 qui
410 1065 556 1148 sequitur
570 1085 642 1129 cum
661 1063 769 1129 codice
783 1065 817 1129 Β
828 1064 1058 1152 Palaestrioni,
1075 1087 1141 1129 non
1155 1063 1431 1148 Periplectomene
1446 1066 1645 1150 tribuantur,
1663 1067 1841 1133 Palaestrio

84 1172 240 1237 hocloco
264 1172 455 1258 dignitatem
479 1176 730 1255 suamtueatur,
761 1193 857 1256 quam
883 1195 941 1257 per
970 1177 1076 1237 totum
1107 1194 1179 1238 cum
1205 1171 1480 1256 Periplectomene
1512 1195 1692 1239 sermonem
1724 1175 1843 1260 amisit,

85 1280 247 1364 simulque
270 1279 345 1344 inde
367 1279 528 1343 efficiatur
550 1278 610 1343 hos
633 1299 744 1344 versus
768 1302 787 1343 a
809 1279 939 1364 Plauto,
963 1303 1027 1345 non
1051 1280 1091 1344 ab
1114 1284 1323 1345 retractatore
1346 1279 1546 1365 conscriptos
1570 1302 1649 1345 esse.

244 1385 322 1451 Inde
345 1409 364 1450 a
387 1409 415 1450 v.
432 1386 498 1452 635
530 1384 689 1469 incipiunt
718 1386 944 1452 additamenta.
996 1388 1077 1452 Post
1106 1389 1170 1454 636
1200 1386 1387 1452 huiusmodi
1419 1388 1613 1452 sententiam
1643 1388 1843 1453 intercidisse

83 1517 160 1561 raom
184 1497 286 1577 ipsum
309 1513 431 1560 curasse
453 1499 582 1575 oportet,
606 1495 636 1559 si
657 1496 780 1559 certanti
799 1496 844 1561 irc
861 1495 1046 1576 autumem
1068 1495 1150 1560 uoles
1179 1494 1315 1559 coniecit
1343 1492 1552 1578 Ritschelius,
1574 1494 1712 1560 fortasse
1735 1500 1842 1561 tamen

84 1601 123 1666 de
141 1607 176 1666 ut
199 1600 412 1666 condicionali
436 1600 573 1686 cogitari
600 1601 675 1665 licet
703 1601 801 1666 etiam
824 1603 858 1665 in
882 1599 1044 1667 Ciceronis
1072 1602 1220 1686 epistulis
1250 1601 1526 1687 frequentissime,
1554 1623 1749 1686 quamquam
1778 1625 1843 1668 non

83 1707 200 1793 ignoro
225 1708 312 1773 illius
337 1730 414 1773 usus
437 1707 619 1792 exemplum
645 1706 809 1775 Ciceronis
833 1715 937 1775 aetate
960 1709 1126 1793 antiquius
1148 1708 1274 1773 nullum
1298 1707 1401 1772 adhuc
1420 1712 1582 1793 repertum
1609 1731 1679 1774 esse
1700 1733 1719 1774 a
1739 1731 1842 1797 gram·

83 1817 220 1880 maticis.
265 1814 405 1880 Etiamsi
428 1814 514 1879 enim
538 1819 784 1880 retractatorum
809 1838 913 1881 sermo
944 1816 978 1880 in
1008 1816 1194 1880 universum
1223 1836 1356 1900 prorsus
1386 1816 1517 1880 eandem
1546 1817 1686 1901 speciem
1709 1840 1785 1902 prae
1808 1840 1843 1882 se

82 1923 147 1987 fert
166 1928 262 2008 atque
280 1945 354 1987 vere
368 1921 554 2007 Plautinus,
578 1927 615 1988 ut
633 1922 819 1989 huiusmodi
838 1924 1095 2008 quaestionibus,
1115 1922 1242 2007 qualem
1261 1922 1301 1985 de
1318 1922 1464 1987 versibus
1483 1922 1842 2010 596-764Langenus

83 2029 239 2114 instituit,
269 2029 457 2115 plerumque
488 2029 570 2094 nihil
596 2030 785 2115 proficiatur
813 2030 866 2118 (cf.
887 2052 984 2116 supra
1012 2053 1043 2115 p.
1065 2028 1130 2116 19),
1152 2033 1264 2094 nostra
1287 2033 1395 2094 tamen
1423 2029 1539 2094 talium
1561 2052 1668 2094 rerum
1699 2031 1841 2118 cognitio

83 2160 197 2202 manca
225 2140 274 2202 est
303 2137 487 2204 etiamnunc
519 2142 551 2203 et
573 2136 711 2202 fortasse
734 2159 860 2222 semper
883 2138 1034 2202 manebit.
1080 2135 1281 2222 Quamquam
1303 2135 1441 2201 libenter
1464 2137 1602 2203 concedo
1625 2137 1711 2202 hunc
1734 2138 1840 2203 locum

82 2245 123 2309 ad
150 2245 386 2309 diiudicandam
413 2243 497 2309 hanc
528 2267 596 2310 rem
624 2266 689 2309 non
719 2267 789 2309 esse
820 2245 980 2311 idoneum.
1025 2245 1164 2310 Videtur
1196 2248 1303 2308 autem
1334 2242 1413 2308 haec
1444 2244 1603 2328 particula
1634 2267 1663 2310 v.
1683 2246 1748 2312 650
1781 2250 1841 2311 ter·

82 2352 207 2417 minari.
246 2350 368 2417 Versus
392 2353 458 2418 642
486 2373 532 2435 sq.
552 2352 593 2416 ab
617 2352 680 2417 alia
707 2374 804 2416 manu
832 2352 949 2416 adiecti
975 2356 1064 2438 sunt,
1088 2356 1125 2417 ut
1146 2351 1322 2416 habeamus
1346 2351 1607 2416 retractationem
1631 2352 1665 2416 in
1688 2356 1839 2419 retracta-

81 2461 185 2525 tione:
215 2480 289 2524 nam
313 2461 345 2523 et
377 2457 418 2522 ad
448 2480 484 2522 ea
514 2480 595 2543 quae
624 2459 816 2524 antecedunt
839 2458 921 2523 male
944 2459 1012 2543 apti
1035 2463 1111 2523 sunt
1134 2480 1192 2524 nec
1218 2457 1299 2522 bene
1322 2461 1407 2522 stare
1433 2463 1586 2545 possunt,
1615 2460 1701 2543 quod
1724 2483 1752 2526 6.
1776 2461 1839 2526 647

81 2566 209 2631 eaedem
242 2567 364 2631 formae
396 2567 558 2649 (epotator,
589 2566 737 2649 screator)
760 2566 908 2650 redeunt,
940 2565 1027 2650 quod
1058 2565 1235 2630 interiectis
1267 2564 1339 2629 aliis
1369 2565 1515 2630 versibus
1547 2564 1666 2630 falsum
1697 2588 1767 2631 6666
1800 2589 1839 2631 66

80 2674 185 2738 infimi
199 2673 328 2758 quidem
348 2672 469 2738 ordinis
492 2673 672 2737 scaenicum
691 2677 819 2757 poterat
836 2672 955 2758 fugere.
993 2671 1128 2739 Accedit
1146 2673 1233 2757 quod
1247 2676 1374 2755 tempus
1393 2671 1540 2737 futurum
1557 2694 1609 2738 ero
1628 2673 1668 2738 ab
1687 2673 1835 2738 hocloco

81 2781 222 2845 alienum
246 2785 302 2845 est.
349 2779 471 2845 Versus
495 2782 570 2864 648,
593 2780 648 2845 661
672 2779 737 2845 Leo
761 2801 834 2844 cum
858 2779 1009 2864 Scioppio
1033 2784 1118 2845 recte
1142 2780 1313 2845 Animulas
1336 2777 1463 2844 videtur
1487 2779 1669 2864 scripsisse,
1698 2801 1777 2845 num
1800 2803 1839 2845 ex

80 2888 151 2972 ipsa
172 2887 280 2952 Plauti
303 2887 413 2952 sabula
435 2886 579 2971 reliquus
602 2886 645 2951 sit
668 2885 825 2951 incertum
850 2890 912 2970 est3
935 2887 1163 2971 antiquitatem
1187 2906 1263 2952 sane
1287 2885 1418 2950 redolet.

240 2994 361 3059 Versus
386 2994 449 3059 651
473 3016 532 3058 nec
562 3016 634 3059 oum
664 2992 810 3059 versibus
839 2994 1102 3079 antecedentibus
1125 3016 1182 3059 666
1214 3016 1287 3059 666
1310 2991 1519 3077 sequentibus
1543 2991 1717 3058 cohaerens
1740 2995 1838 3059 verbo

77 3103 242 3183 praedices
257 3098 300 3186 (v.
315 3099 394 3186 633)
408 3105 516 3184 potest
529 3101 740 3186 respondisse.
786 3100 867 3166 Post
880 3125 910 3167 6.
924 3103 990 3168 634
1003 3102 1143 3187 positus,
1166 3101 1194 3166 si
1217 3122 1294 3165 vera
1315 3103 1391 3164 sunt
1415 3120 1495 3183 quae
1514 3120 1612 3184 supra
1631 3099 1669 3162 de
1688 3100 1838 3165 versibus

79 3209 257 3275 616-634
271 3209 448 3292 disputavi,
465 3208 519 3273 hic
533 3230 644 3274 versus
657 3210 795 3274 fortasse
809 3208 850 3272 ad
863 3208 971 3273 locum
984 3207 1172 3274 Plautinum
1186 3207 1351 3293 pertinuit.
1382 3205 1504 3272 Versus
1519 3206 1584 3273 652
1599 3243 1642 3253 —
1657 3205 1701 3293 (P)
1717 3209 1783 3274 660
1798 3208 1839 3271 ad

79 3336 116 3378 ea
129 3319 276 3398 spectant
291 3315 408 3399 quibus
423 3337 519 3379 senex
533 3339 568 3380 se
581 3316 758 3401 praedicat,
772 3316 909 3380 fortasse
924 3320 1031 3380 tamen
1044 3316 1084 3380 ab
1099 3315 1162 3380 alia
1176 3337 1272 3381 manu
1285 3313 1400 3379 adiecti
1416 3317 1492 3378 sunt
1506 3317 1602 3396 atque
1617 3334 1654 3377 ea
1669 3335 1750 3397 quae
1765 3319 1839 3378 ante

79 3444 209 3486 versum
223 3424 287 3488 648
304 3421 464 3507 leguntur.
496 3421 582 3488 Nam
597 3446 708 3488 versus
723 3424 787 3490 648
803 3423 981 3488 sententiae
995 3424 1092 3487 finem
1110 3422 1279 3507 significat.
1313 3420 1479 3487 Sententia
1497 3441 1608 3484 versus
1624 3422 1688 3487 652
1702 3419 1839 3505 (pariter

78 3533 174 3613 atque
197 3534 311 3613 postea
333 3552 361 3593 v.
385 3530 449 3595 667
473 3529 535 3616 sq.)
560 3530 599 3594 de
621 3530 717 3595 rebus
749 3530 904 3596 Romanis
936 3531 1078 3617 cogitare
1110 3529 1333 3614 prohibemur,
1349 3518 1398 3591 'id
1430 3527 1516 3611 quod
1545 3548 1605 3611 per
1633 3549 1667 3592 66
1696 3534 1839 3613 apparet.

239 3635 361 3700 Versus
390 3637 573 3703 661-671
602 3637 690 3702 aliud
720 3638 899 3703 membrum
928 3637 1079 3702 indicant.
1125 3635 1164 3702 V.
1185 3638 1250 3704 666
1277 3637 1359 3701 idem
1389 3636 1547 3719 repetitur
1575 3633 1749 3718 quodiam
1773 3637 1838 3701 642

78 3763 266 3826 expressum
290 3748 366 3809 erat.
1533 3805 1536 3811 .

238 3848 315 3914 Inde
339 3873 358 3914 a
380 3873 408 3914 v.
428 3852 612 3917 672-678
636 3851 773 3916 fortasse
791 3852 943 3917 Plautina
965 3852 1203 3916 continuantur.
1250 3847 1285 3914 Si
1308 3871 1344 3913 ea
1367 3871 1448 3933 quae
1472 3849 1510 3913 de
1535 3871 1564 3912 6.
1582 3849 1645 3915 651
1672 3847 1738 3912 dixi
1762 3870 1837 3912 vera

78 3960 167 4041 sunt,
190 3961 260 4022 tota
281 3957 360 4022 haec
382 3978 456 4042 pars
479 3959 526 4022 ita
554 3980 587 4023 se
609 3962 718 4043 potest
745 3961 920 4044 excepisse:
944 3961 1023 4045 634,
1046 3960 1125 4042 651,
1148 3959 1213 4024 672
1236 3978 1306 4040 sqq.
1352 3953 1467 4020 Omnia
1490 3958 1617 4039 praeter
1640 3954 1758 4041 6675,
1781 3955 1836 4038 qui

77 4062 281 4148 glossematis
304 4065 442 4148 speciem
465 4066 534 4129 sine
558 4065 655 4130 dubio
678 4088 754 4149 prae
777 4089 811 4131 se
835 4066 910 4152 fert,
933 4069 1012 4131 satis
1030 4066 1138 4151 lepida
1159 4067 1235 4130 sunt
1259 4084 1296 4127 ac
1318 4061 1463 4126 iucunda.

237 4170 375 4236 Versum
399 4173 464 4238 678
492 4173 555 4236 nisi
578 4171 675 4237 fallor
704 4177 761 4238 aut
783 4196 811 4238 6.
826 4175 892 4241 684
920 4178 1049 4239 secutus
1072 4178 1121 4239 est
1144 4175 1200 4236 aut
1226 4172 1291 4237 723
1315 4192 1371 4254 sq,
1394 4169 1530 4234 fortasse
1554 4169 1664 4252 etiam,
1692 4173 1729 4233 ut
1752 4170 1836 4234 infra

76 4276 152 4361 feci,
175 4279 241 4344 684
265 4299 336 4342 cum
362 4280 425 4345 723
444 4302 491 4364 sq.
511 4280 701 4344 coniunctus
719 4280 819 4346 fuisse
837 4285 953 4367 potest.
996 4279 1163 4345 Crederem
1182 4278 1369 4343 Plautinum
1391 4275 1497 4341 locum
1521 4298 1540 4340 a
1563 4276 1743 4341 672-683
1766 4297 1835 4359 per-

75 4384 228 4469 tinuisse,
256 4385 318 4449 nisi
343 4388 450 4452 6676
473 4386 593 4451 locutio
622 4387 712 4452 dorem
735 4389 850 4455 uirtute
876 4390 979 4455 dicum
1002 4391 1077 4472 post
1107 4388 1197 4453 deum
1220 4387 1333 4452 uirtute
1358 4389 1403 4450 eet
1426 4383 1506 4448 dura
1528 4387 1561 4447 et
1583 4381 1714 4467 illepida
1742 4387 1834 4448 esset.

75 4489 195 4555 Mirum
224 4496 273 4556 est
301 4493 387 4576 quod
409 4493 594 4578 LangenuS,
622 4494 677 4578 qui
701 4494 808 4559 omnia
837 4517 917 4579 quae
946 4499 1058 4560 contra
1080 4493 1267 4558 Plautinum
1295 4513 1417 4557 morem
1448 4490 1599 4574 loquendi
1628 4493 1760 4574 peccent
1784 4512 1836 4554 ex-

74 4598 230 4684 piscatur,
262 4598 295 4663 in
318 4599 379 4665 hac
403 4601 594 4685 repetitione
617 4621 682 4664 non
706 4601 853 4688 offendit,
881 4601 919 4667 cf.
938 4625 969 4687 p.
983 4603 1057 4668 323.
1103 4599 1254 4665 Fortasse
1282 4604 1390 4665 tamen
1413 4598 1481 4681 ipse
1505 4595 1640 4682 Sauppii
1663 4596 1834 4660 monitoris

75 4727 197 4769 memor
220 4727 290 4770 esse
314 4706 481 4771 debebam!

234 4810 273 4876 ln
296 4814 442 4878 versibus
466 4815 758 4881 685-70266661
781 4815 972 4899 particulam
996 4813 1198 4898 deprehendo
1222 4813 1340 4897 partim
1365 4810 1521 4877 Graecum
1546 4809 1708 4893 exemplar
1731 4811 1833 4893 expri-

74 4924 214 4985 mentem
241 4920 360 5004 partim
389 4921 550 4985 Romanus
577 4944 628 4986 res
659 4923 899 5007 respicientem,
939 4943 1020 5005 quae
1053 4921 1199 5004 quamvis
1228 4918 1312 4983 bella
1340 4923 1400 5003 per’
1424 4941 1458 4983 se
1486 4919 1530 4982 sit
1557 4917 1706 4999 bonoque
1739 4919 1835 4998 poeta

73 5025 184 5113 digna,
208 5027 269 5092 hoc
292 5031 399 5092 tamen
421 5027 492 5092 loco
516 5050 581 5093 non
603 5031 712 5112 potest
735 5051 800 5094 non
823 5028 976 5093 arcessita
998 5027 1108 5092 videri.
