4186 5424
1028 206 1070 275 12

162 414 270 481 omnia
293 415 340 479 ita
362 418 438 481 sunt
462 419 658 499 comparata,
681 418 718 478 ut
740 414 823 479 hanc
846 413 1004 479 rationem
1027 413 1153 480 fabulas
1172 414 1384 498 componendi
1407 415 1511 480 multo
1534 410 1777 502 angustioribus
1805 418 1926 484 finibus

162 521 436 607 circumscriptam
460 522 560 587 fuisse
579 521 757 587 doceamur.
804 520 887 587 Nam
909 514 1064 605 quantum
1088 544 1127 586 ex
1146 521 1250 586 tribus
1270 525 1461 607 quattuorve
1484 523 1604 590 fabulis
1622 522 1824 588 Terentianis
1844 546 1926 609 quae

162 630 396 696 contaminatae
412 634 488 694 sunt
502 629 649 695 concludi
666 629 756 715 licet,
771 629 1002 694 contaminatio
1018 629 1231 693 adhibebatur
1244 651 1263 693 a
1276 630 1381 713 poetis
1390 629 1529 717 Latinis,
1548 636 1585 696 ut
1600 635 1657 696 aut
1671 631 1764 695 novis
1778 632 1926 716 personis

162 736 356 803 introductis
385 758 465 821 quae
495 760 559 802 non
588 741 680 802 erant
712 737 744 801 in
772 736 919 820 exemplo
946 736 1117 821 principali
1150 758 1229 821 quas
1256 740 1375 801 tamen'
1392 737 1594 804 auditoribus
1624 738 1717 804 valde
1749 739 1925 824 placituras

163 867 231 910 esse
246 845 417 910 credebaut
431 844 482 910 vel
496 866 577 929 quae
592 844 717 909 fabulae
731 843 878 929 personis
891 843 1082 928 respondere
1102 845 1308 929 oppositaeve
1331 866 1400 910 esse
1418 845 1611 912 videbantur
1629 850 1685 911 aut
1703 846 1837 911 mutatis
1855 868 1925 932 per·

163 974 313 1018 sonarum
348 951 492 1017 moribus
525 956 582 1017 aut
612 952 742 1017 insertis
779 952 914 1016 duarum
945 973 1154 1036 personarum
1184 952 1386 1017 sermonibus
1416 953 1472 1018 ubi
1503 954 1537 1018 in
1567 952 1689 1019 Graeca
1702 946 1706 953 ’
1720 953 1830 1019 fabula
1861 978 1927 1020 una

163 1082 269 1126 secum
297 1059 490 1143 loquebatur
527 1063 583 1123 aut
613 1058 739 1124 diversa
770 1059 1049 1145 argumentatione
1080 1063 1113 1124 et
1149 1081 1230 1143 quae
1267 1064 1343 1124 sunt
1379 1060 1499 1126 similia
1534 1066 1761 1147 argumentum
1797 1062 1926 1127 fabulae

161 1169 322 1233 variarent
349 1171 382 1231 et
415 1166 662 1254 distinguerent,
693 1171 796 1232 totam
832 1165 1075 1251 dispositionem
1099 1166 1326 1251 speciosiorem
1349 1168 1506 1253 facerent,
1535 1168 1656 1233 aridam
1684 1168 1925 1253 simplicitatem

163 1274 276 1340 Graeci
300 1274 438 1359 exempli
461 1279 613 1339 ornarent
635 1278 731 1359 atque
754 1273 963 1339 illustrarent.
1003 1272 1117 1339 Nihilo
1136 1275 1243 1339 minus
1261 1279 1369 1340 tamen
1389 1314 1431 1322 —
1451 1275 1537 1360 quod
1555 1277 1681 1362 generis
1704 1297 1720 1341 c
1743 1276 1926 1341 defensores

162 1383 226 1448 sibi
244 1387 472 1468 persuaserunt
490 1421 534 1429 —
553 1382 594 1446 ad
612 1386 735 1447 tantam
755 1403 907 1466 umquam
927 1380 1092 1446 audaciam
1110 1403 1316 1468 progressum
1334 1405 1403 1447 esse
1420 1387 1550 1469 poetam
1565 1382 1759 1469 Romanum,
1779 1384 1926 1469 singulos

164 1495 261 1575 atque
283 1489 362 1555 adeo
386 1489 567 1574 complures
594 1493 685 1554 actus
713 1492 750 1554 ut
773 1512 811 1553 ex
835 1489 940 1554 alieno
964 1488 1110 1573 exemplo
1136 1487 1257 1555 Graeco
1281 1490 1485 1577 transferret,
1507 1491 1541 1555 id
1560 1491 1709 1556 omnibus
1728 1492 1925 1557 testimoniis

167 1596 431 1681 documentisque
459 1596 651 1662 destitutum
674 1601 723 1661 est
746 1600 779 1661 et
805 1589 945 1681 prorsus
965 1595 1155 1660 inauditum.

321 1704 412 1770 Duae
435 1704 521 1769 enim
544 1703 617 1768 illae
640 1703 768 1769 fabulae
791 1707 828 1768 ut
856 1703 986 1768 omnino
1017 1703 1192 1769 coalescere
1220 1703 1254 1768 in
1283 1727 1380 1770 unam
1403 1710 1548 1791 possent,
1576 1726 1673 1790 quam
1697 1705 1817 1771 similes
1840 1707 1926 1772 inter

162 1836 197 1878 se
225 1812 434 1899 geminaeque
461 1810 582 1876 fuerint
609 1833 737 1876 necesse
770 1813 831 1876 est!
878 1811 970 1887 Quod
1002 1812 1255 1895 experimentum
1288 1814 1316 1877 si
1344 1813 1417 1897 quis
1445 1813 1479 1878 in
1506 1816 1635 1878 nostrae
1662 1815 1777 1878 aetatis
1804 1813 1926 1880 fabulis

161 1921 265 1985 facere
295 1920 386 2006 velit,
415 1919 509 1984 facile
539 1919 602 1983 sibi
632 1918 822 2004 persuadeat
850 1917 926 1983 huic
957 1917 1172 1982 confundendi
1201 1919 1320 1985 rationi
1348 1921 1417 1985 sine
1440 1923 1589 1987 maximis
1618 1922 1925 1987 commutationibus

128 2059 131 2064 ·
161 2026 285 2093 nullum
317 2050 384 2092 esse
406 2026 522 2093 locum.
568 2024 616 2091 Ac
639 2048 679 2090 ne
702 2026 775 2111 quis
798 2026 882 2091 forte
906 2029 1047 2110 opponat
1070 2026 1173 2110 poetis
1196 2026 1322 2092 Latinis
1345 2050 1414 2093 eam
1443 2030 1601 2094 rationem
1624 2029 1800 2094 faciliorem
1824 2030 1925 2095 fuisse

161 2139 294 2220 propter
317 2139 475 2200 certarum
499 2133 728 2218 stabiliumque
753 2155 832 2218 quae
856 2138 1012 2199 vocantur
1033 2155 1243 2218 personarum
1267 2157 1374 2201 usum:
1402 2137 1499 2201 etiam
1525 2137 1560 2201 in
1588 2138 1782 2201 nostratium
1805 2137 1924 2202 fabulis

161 2242 341 2328 permultae
375 2241 582 2306 inveniuntur
614 2262 769 2326 personae
802 2240 948 2325 stabiles,
985 2263 1057 2306 cum
1095 2245 1202 2306 autem
1234 2242 1267 2306 in
1304 2265 1429 2307 summa
1467 2266 1676 2329 personarum
1712 2245 1924 2311 similitudine

162 2354 328 2415 mutentur
359 2354 392 2414 et
419 2349 584 2414 varientur
612 2371 662 2413 res
690 2353 722 2413 et
753 2348 969 2434 condiciones,
1000 2351 1039 2414 fit
1066 2352 1103 2413 ut
1131 2349 1211 2413 duae
1238 2349 1365 2415 fabulae
1392 2352 1426 2416 in
1454 2373 1551 2417 unam
1575 2351 1727 2417 confundi
1755 2357 1924 2437 nequeant.

162 2458 270 2542 Atque
293 2457 378 2522 idem
402 2456 555 2521 cecidisse
577 2456 611 2521 in
634 2455 760 2520 fabulas
783 2454 855 2519 illas
878 2456 1005 2520 Atticas
1028 2455 1123 2520 facile
1146 2461 1195 2521 est
1218 2456 1258 2520 ad
1281 2458 1540 2544 intellegendum.
1686 2446 1688 2452 ¹

321 2565 492 2629 Praeterea
510 2585 575 2628 non
592 2567 701 2647 potest
724 2585 789 2627 non
809 2561 995 2627 incredibile
1017 2563 1119 2628 videri
1143 2569 1272 2649 poetam
1296 2564 1352 2650 qm'
1371 2565 1451 2632 duos
1475 2566 1620 2652 integros
1643 2570 1733 2632 actus
1756 2590 1794 2632 ex
1819 2569 1923 2634 alieno

161 2671 337 2756 exemplari
361 2670 481 2736 Graeco
505 2676 652 2756 sumptos
676 2671 710 2735 in
734 2692 824 2735 suam
848 2670 1045 2735 comoediam
1069 2671 1239 2737 inseruerit
1262 2672 1313 2737 vel
1337 2673 1405 2758 qui,
1429 2677 1466 2737 ut
1488 2672 1644 2737 Lorenzio
1669 2675 1774 2738 visum
1799 2680 1860 2760 est,
1884 2700 1923 2740 ex

162 2782 315 2864 quattuor
337 2779 457 2844 fabulis
477 2777 607 2844 Graecis
630 2800 721 2843 suam
744 2778 961 2863 composuerit
984 2777 1022 2842 de
1047 2800 1104 2843 suo
1128 2778 1259 2863 insuper
1286 2778 1395 2844 addita
1418 2780 1531 2864 quinta
1553 2785 1657 2867 parte,
1684 2786 1776 2846 tante
1802 2782 1923 2868 ingenii

161 2885 381 2953 imbecillitate
412 2891 508 2971 atque
538 2886 719 2951 rusticitate
747 2886 859 2971 fuisse,
888 2891 926 2950 ut
952 2885 1116 2970 graviores
1146 2885 1217 2951 illas
1245 2886 1474 2971 discrepantias
1503 2910 1583 2972 quae
1611 2893 1734 2953 restant
1760 2891 1795 2953 in
1818 2889 1923 2955 Milite

162 2993 311 3060 Glorioso
335 3016 498 3059 removere
520 3015 585 3058 non
608 2993 759 3078 potuerit.
811 2991 898 3069 Quae
921 2992 1023 3077 ipsius
1047 3013 1173 3076 quoque
1199 2992 1221 3057 J
1226 2991 1353 3057 Brixii
1377 2995 1487 3078 opinio
1510 2982 1580 3060 fuit¹
1601 2996 1635 3059 in
1657 2997 1764 3080 priore
1796 2997 1922 3061 fabulae

161 3102 301 3167 editione
322 3126 353 3187 p.
366 3104 406 3167 10
420 3100 476 3165 ubi
493 3100 581 3165 dicit:
619 3100 720 3167 Wena
740 3101 875 3165 Plautus
892 3101 941 3165 die
961 3099 1180 3166 Mrr‘bodreitcu
1197 3102 1233 3165 ia
1255 3101 1309 3166 der
1322 3101 1531 3183 Ausfr’ilrruop
1554 3105 1607 3166 der
1625 3104 1801 3186 Herodi-torp
1816 3106 1873 3186 fiir
1889 3126 1923 3169 so

161 3211 312 3293 acutossip
327 3210 467 3293 pelrultca
485 3209 557 3274 odor
572 3208 715 3291 peploubt
731 3208 825 3287 leude,
849 3208 920 3289 dass
936 3208 1003 3272 seio
1028 3207 1197 3273 Publilium
1215 3208 1333 3274 celeberr
1351 3209 1480 3288 Aristoss
1498 3229 1542 3272 err
1559 3209 1653 3274 ituraea
1670 3208 1799 3273 calcinea
1817 3212 1923 3274 acio-dc

162 3320 219 3383 wic
242 3319 313 3396 coir,
343 3338 376 3382 eo
400 3317 505 3382 wiirde
526 3317 593 3380 seio
619 3316 728 3381 Tclcat
755 3316 839 3399 prose
859 3335 959 3398 penrcp
979 3334 1115 3398 pauesce
1142 3316 1220 3393 scio,
1250 3316 1295 3380 sic
1328 3335 1368 3381 su
1399 3315 1560 3396 bescitipca
1582 3317 1649 3379 acad
1677 3316 1734 3378 orit
1757 3315 1848 3380 ilerum
1872 3317 1921 3382 dic

161 3425 284 3508 Spurcre
315 3425 369 3490 cler
403 3423 656 3489 Cordueniuutioa
688 3444 728 3488 eu
761 3423 942 3489 ecroicbtcu.
994 3421 1079 3486 Nam
1110 3420 1172 3485 hoe
1202 3424 1250 3485 est
1280 3421 1430 3485 eximiam
1466 3420 1574 3485 Plauti
1611 3424 1712 3486 artem
1749 3443 1921 3506 agnoscere

161 3531 356 3615 eandemque
380 3530 544 3616 denegare.
585 3528 654 3594 Aut
677 3530 762 3595 eninr
785 3529 920 3594 Plautus
944 3551 1090 3593 summus
1112 3528 1166 3594 ille
1190 3529 1223 3594 in
1247 3529 1475 3613 componendis
1498 3528 1617 3593 fabulis
1646 3529 1762 3593 artilex
1784 3530 1860 3614 fuit,
1889 3532 1921 3596 id

162 3639 248 3725 quod
276 3639 408 3703 minime
436 3638 544 3723 credo,
577 3642 632 3702 aut
664 3659 729 3702 non
757 3636 832 3722 fuit3
865 3637 893 3701 si
925 3637 1001 3721 fuit,
1029 3636 1099 3700 fieri
1130 3638 1239 3720 potuit
1270 3641 1307 3701 ut
1338 3636 1423 3701 hunc
1450 3638 1483 3702 in
1516 3636 1647 3701 modum
1677 3635 1820 3701 fabulam
1849 3660 1921 3702 con-

161 3747 333 3812 taminaret
356 3768 413 3810 nec
437 3749 543 3810 tamen
563 3745 671 3829 potuit
688 3745 760 3809 fieri
783 3745 862 3828 quin
882 3766 962 3828 quae
980 3744 1092 3808 insunt
1114 3744 1199 3809 inter
1222 3766 1256 3809 se
1280 3746 1493 3830 repugnantia
1516 3742 1661 3808 tolleret:
1687 3744 1737 3808 sin
1760 3766 1825 3808 non
1850 3746 1921 3832 fuit,

161 3877 225 3918 non
249 3853 411 3918 commisit
433 3856 469 3917 ut
492 3851 619 3917 fabulae
642 3856 866 3938 argumentum
889 3853 936 3916 ita
959 3852 1156 3935 immutaret,
1179 3851 1227 3915 uti
1251 3850 1406 3915 Lorenzio
1429 3854 1462 3915 et
1484 3851 1585 3916 Leoni
1608 3855 1657 3915 est
1680 3852 1794 3916 visum.
1838 3852 1922 3919 Vide

161 3965 337 4046 praeterea,
362 3983 458 4046 quam
481 3961 609 4047 egregie
633 3961 739 4044 quarti
763 3964 853 4025 actus
877 3959 1007 4023 initium
1031 3957 1199 4023 conveniat
1221 3962 1365 4023 extremo
1388 3959 1474 4022 actui
1497 3959 1609 4045 tertio,
1633 3958 1719 4042 quod
1740 3980 1807 4024 nou
1831 3963 1918 4025 casui

162 4069 261 4133 tribui
280 4073 399 4153 potest,
423 4069 522 4133 immo
547 4068 585 4132 de
608 4067 768 4132 industria
790 4067 911 4132 factum
935 4070 983 4131 est
1006 4069 1142 4151 aposta
1165 4064 1300 4131 Graeco:
1323 4065 1431 4130 omnia
1459 4066 1544 4131 enim
1568 4065 1707 4130 similem
1730 4070 1764 4133 in
1788 4069 1918 4133 modum

161 4177 312 4241 instituta
334 4181 425 4241 erant
448 4177 481 4240 in
504 4174 653 4241 Alazona.
1762 4256 1766 4263 Ι

322 4281 383 4347 Sed
416 4283 471 4347 alii
504 4282 646 4368 scrupuli
680 4281 833 4346 accedunt
865 4304 929 4346 non
961 4281 1248 4366 praetemrittendi.
1299 4280 1345 4346 Vt
1382 4281 1467 4345 enim
1503 4279 1620 4346 Militis
1653 4279 1793 4345 Gloriosi
1831 4282 1921 4342 actus

162 4388 318 4455 secundus
342 4390 382 4455 ab
405 4388 557 4474 Alazonis
585 4393 773 4475 argumento
802 4389 924 4453 alienus
952 4390 1065 4475 fuerit,
1095 4393 1131 4453 ut
1158 4389 1262 4472 paries
1289 4389 1453 4473 perfossus
1481 4390 1564 4453 inter
1595 4393 1763 4472 utramque
1788 4387 1920 4450 domum

161 4519 226 4561 nou
245 4497 419 4581 exstiterit,
442 4502 478 4562 ut
497 4498 767 4562 Philocomasium
788 4520 820 4562 se
844 4519 986 4562 sororem
1010 4497 1280 4583 suamgeminam
1299 4518 1451 4561 essenon
1469 4497 1611 4580 finxerit,
1636 4495 1713 4580 quid
1736 4496 1864 4560 tandem
1889 4496 1922 4559 in

161 4604 221 4668 hac
239 4595 335 4688 'parte
357 4603 511 4669 Alazonis
534 4606 654 4669 factum
679 4627 747 4669 esse
776 4605 1055 4669 existimabimus?
1099 4603 1183 4669 Nam
1215 4604 1338 4688 aliquid
1368 4608 1452 4668 certe
1480 4604 1600 4667 factum
1629 4608 1691 4667 cst:
1721 4604 1805 4666 actio
1836 4604 1921 4666 enim

160 4711 337 4795 requiritur
355 4734 391 4777 ac
413 4713 528 4798 moti0,
547 4734 611 4777 non
631 4713 722 4796 quies
746 4735 781 4776 ac
800 4712 954 4777 remissio.
993 4710 1030 4776 In
1054 4713 1176 4776 tertio
1199 4712 1327 4775 fabulae
1350 4715 1423 4775 actu
1442 4712 1533 4795 quies
1557 4714 1632 4795 apta
1654 4714 1716 4796 est,
1739 4711 1772 4773 in
1797 4709 1922 4774 altero

152 4840 227 4884 non
259 4819 345 4884 item.
392 4817 467 4884 Sine
489 4819 550 4884 hac
579 4823 684 4884 autem
709 4821 833 4885 actione
856 4818 952 4884 Miles
976 4818 1143 4884 Gloriosus
1174 4841 1306 4904 prorsus
1339 4817 1542 4883 descenderet
1572 4817 1612 4881 ad
1644 4819 1922 4882 statuariarum

161 4927 343 4993 fabularum
366 4949 544 4992 numerum,
589 4927 706 4992 Actum
732 4929 832 5014 igitur
864 4927 985 5012 aliquid
1009 4932 1070 4991 est:
1104 4927 1182 5012 quid
1212 4931 1318 4992 autem
1346 4931 1451 4991 actum
1475 4927 1518 4991 sit
1550 4926 1613 4991 nisi
1647 4925 1731 5010 quod
1760 4926 1793 4988 in
1818 4924 1923 4990 Milite

68 5092 86 5117 .„
162 5028 329 5102 Glorioso
351 5035 456 5122 qualis
493 5037 589 5106 etiam
623 5058 709 5106 nunc
746 5040 795 5106 est
832 5041 938 5102 actum
975 5036 1133 5122 videmus,
1165 5057 1225 5121 ego
1253 5033 1380 5119 quidem
1419 5038 1525 5099 mente
1554 5036 1718 5118 concipere
1749 5054 1814 5096 non
1850 5052 1923 5117 pos·
