4186 5424
299 1290 494 1407 Philologis
515 1321 714 1386 Germanicis
732 1321 890 1386 Dresdam
910 1323 1094 1387 convocatis
1113 1323 1274 1408 gymnasii
1292 1323 1374 1408 regii
1392 1323 1522 1388 nomine
1543 1328 1580 1389 ut
1603 1323 1739 1388 salutem
1764 1324 1902 1391 dicerem

138 1431 272 1513 rogatus
303 1427 409 1512 primo
443 1429 642 1494 coniecturas
674 1428 715 1492 ad
744 1428 853 1493 Plauti
883 1428 1022 1494 Militem
1056 1428 1241 1493 Gloriosum
1271 1435 1453 1513 spectantes
1483 1452 1555 1495 cum
1582 1430 1769 1496 bominibus
1797 1431 1901 1497 doctis

139 1534 376 1600 communicare
394 1537 537 1600 animum
557 1536 754 1600 induxeram.
792 1535 915 1600 Deinde
934 1541 1042 1600 autem
1060 1542 1226 1621 permotus
1244 1535 1442 1600 FrLeonis
1460 1536 1666 1621 potissimum
1679 1537 1763 1602 libro
1779 1537 1901 1623 ingenii

140 1641 367 1726 doctrinaeque
389 1641 485 1726 pleno
510 1643 566 1726 qui
589 1642 777 1708 inscribitur
795 1638 1022 1708 ‘Proiciamus
1045 1643 1271 1726 Forsclnmpen.
1318 1640 1519 1709 Bert1895’
1545 1648 1671 1708 mutato
1702 1643 1836 1709 consilio
1867 1643 1902 1707 in

140 1748 462 1832 compositionem
481 1748 597 1814 Militis
617 1747 758 1814 Gloriosi
782 1749 944 1833 inquirere
967 1749 1134 1833 constitui,
1158 1750 1279 1834 quode
1299 1754 1489 1835 argumento
1509 1749 1542 1814 in
1561 1751 1608 1815 eis
1627 1772 1709 1835 quae
1727 1755 1903 1833 sequentur

139 1854 319 1919 accuratius
342 1854 514 1940 disputabo
538 1856 671 1921 adiectis
702 1857 737 1920 in
760 1857 823 1920 fine
845 1857 1014 1940 perpaucis
1044 1861 1172 1921 tantum
1202 1857 1394 1921 coniecturis
1417 1879 1456 1921 ex
1479 1856 1536 1920 illo
1560 1879 1693 1922 numero
1718 1857 1773 1941 qui
1797 1857 1903 1921 omnis

139 1959 203 2025 alio
226 1960 298 2026 loco
323 1962 356 2025 in
378 1961 545 2046 publicum
569 1962 721 2046 prodibit.
1753 1948 1755 1952 Α

1006 2092 1032 2164 Ι.

300 2226 501 2313 Compositio
534 2228 651 2294 Militis
685 2228 826 2294 Gloriosi
860 2250 934 2294 cum
970 2230 1060 2313 prius
1091 2229 1280 2314 plerumque
1309 2252 1328 2293 a
1357 2229 1487 2294 fabulae
1520 2229 1750 2314 interpretibus
1783 2251 1901 2316 magna

138 2333 232 2399 leude
255 2339 340 2399 esset
363 2340 490 2420 ornata,
522 2336 756 2401 recentioribus
788 2336 989 2420 temporibus
1020 2357 1085 2400 non
1117 2336 1224 2400 minus
1254 2357 1347 2421 saepe
1380 2336 1414 2400 in
1437 2336 1707 2421 vituperationem
1730 2336 1898 2402 hominum

139 2440 326 2506 criticorum
349 2442 495 2507 incurrit.
541 2442 659 2508 Mende
681 2447 789 2507 autem
813 2466 850 2508 ac
867 2445 948 2508 vitia
967 2444 1085 2528 quibus
1103 2442 1232 2507 fabulae
1247 2443 1438 2527 compositio
1457 2442 1620 2508 laboraret
1637 2444 1769 2528 plurimi
1789 2466 1900 2509 eorum

139 2547 195 2631 qui
223 2547 300 2613 huic
330 2548 375 2613 rei
406 2549 649 2635 investigandae
679 2571 809 2634 operam
836 2549 992 2615 dederunt
1017 2549 1091 2613 inde
1115 2553 1258 2632 repetere
1284 2570 1378 2633 posse
1401 2550 1464 2614 sibi
1489 2550 1551 2614 visi
1577 2555 1667 2635 sunt,
1696 2551 1781 2635 quod
1806 2550 1902 2616 Miles

140 2652 308 2720 GlorIosus
331 2660 415 2721 esset
438 2654 475 2718 in
499 2657 848 2720 contaminatarum
872 2655 1095 2721 fabularum
1123 2678 1287 2720 numero.
1334 2654 1405 2732 Quo
1430 2656 1668 2721 contaminandi
1694 2657 1850 2721 vocabulo
1874 2658 1901 2721 si

138 2764 225 2846 utar,
247 2760 310 2826 hoc
332 2762 501 2826 brevitatis
522 2784 617 2827 causa
637 2763 767 2847 faciam,
793 2763 985 2827 dissentiens
1006 2763 1092 2827 enim
1113 2760 1375 2826 aWAGrauerto
1389 2749 1491 2830 ‘liber
1510 2765 1569 2829 dus
1591 2763 1826 2829 (lorucnriairen
1847 2765 1902 2830 dcr

137 2868 337 2933 lateinisches
363 2863 530 2934 Komilccr’
562 2870 596 2933 in
623 2868 763 2936 ilnulect.
783 2871 853 2934 bist.
875 2876 902 2934 ct
922 2869 1003 2951 plait.
1024 2869 1163 2933 Murcst.
1177 2865 1275 2934 1633'
1294 2891 1327 2951 p.
1342 2873 1404 2934 118
1421 2890 1483 2952 sqq.
1497 2873 1562 2935 205
1584 2892 1773 2954 persuasum
1796 2868 1900 2934 habeo

139 2974 377 3039 contaminandi
400 2974 671 3060 significationem
694 2998 758 3041 non
783 2997 891 3040 carere
913 2976 1022 3059 aliqua
1045 2975 1292 3060 reprehensione
1314 2997 1418 3059 neque
1442 2998 1595 3060 umquam
1619 2999 1688 3042 esse
1712 2981 1900 3060 usurpatam

138 3081 178 3145 ab
209 3081 290 3165 ipsis
319 3081 424 3165 poetis
455 3082 510 3166 qui
540 3081 625 3146 banc
655 3083 866 3166 componendi
897 3083 1055 3146 rationem
1088 3082 1318 3165 adhibuerunt,
1355 3083 1411 3147 sed
1441 3083 1665 3148 tantummodo
1697 3104 1716 3145 a
1749 3082 1901 3167 malignis

138 3208 248 3252 eorum
272 3188 553 3253 obtrectatoribus
599 3188 708 3273 Atque
731 3211 768 3253 ea
795 3188 924 3273 quidem
949 3187 1103 3272 suspicio,
1137 3209 1200 3271 qua
1229 3188 1308 3252 haec
1337 3188 1448 3253 fabula
1477 3211 1496 3252 a
1525 3188 1641 3254 Plauto
1672 3211 1737 3252 non
1768 3211 1806 3253 ex
1837 3210 1901 3252 una

138 3294 303 3359 comoedia
325 3292 437 3359 Attica
459 3317 623 3380 expressa,
651 3295 707 3359 sed
730 3318 768 3358 ex
792 3294 1012 3379 compluribus
1036 3295 1209 3360 comoediis
1232 3295 1378 3359 confecta
1401 3317 1437 3359 ac
1461 3296 1553 3378 quasi
1578 3296 1801 3382 conglutinata
1830 3317 1900 3360 esse

139 3399 292 3485 creditur,
315 3402 456 3484 primum
479 3406 556 3466 nata
579 3407 725 3467 estante
748 3401 808 3467 hos
832 3402 1000 3486 sexaginta
1023 3424 1133 3467 annos.

296 3505 346 3571 De
369 3507 521 3573 ratione
544 3514 652 3572 tamen
677 3507 961 3573 contaminationis
984 3508 1157 3572 admodum
1180 3508 1266 3573 inter
1288 3530 1322 3573 se
1341 3509 1525 3592 discrepant
1543 3508 1712 3573 hominum
1731 3508 1899 3573 doctorum

137 3613 321 3678 sententiae.
364 3615 413 3679 Ac
435 3614 601 3700 tripartito
625 3636 697 3679 meo
721 3613 850 3698 quidem
873 3614 992 3678 iudicio
1016 3615 1179 3679 dividendi
1202 3619 1277 3679 sunt
1301 3616 1537 3680 contaminatae
1555 3615 1684 3679 fabulae
1703 3615 1900 3680 defensores:

350 3721 387 3803 c)
405 3742 470 3786 uno
499 3742 615 3807 genere
647 3723 676 3785 ei
709 3721 916 3786 continentur
943 3722 998 3806 qui
1023 3723 1056 3785 in
1079 3721 1184 3786 Milite
1208 3720 1357 3786 Glorioso
1381 3721 1463 3785 nihil
1491 3721 1631 3805 amplius
1654 3744 1693 3786 ex
1720 3722 1784 3786 alio
1809 3722 1899 3785 fonte

404 3828 631 3912 depromptum
655 3850 724 3893 esse
747 3832 863 3912 putant
883 3828 947 3892 nisi
969 3829 1107 3912 primam
1132 3829 1259 3894 fabulae
1283 3849 1444 3912 scaenam,

350 3935 384 4017 b)
402 3933 503 3998 altera
526 3933 635 4018 opinio
659 3939 708 3999 est
730 3935 800 4000 fieri
823 3935 968 4019 potuisse
991 3939 1028 4000 ut
1051 3935 1214 4000 breviores
1236 3939 1344 4019 partes
1367 3933 1484 3998 Militis
1500 3933 1641 3998 Gloriosi
1666 3957 1684 3999 a
1707 3941 1803 4018 poeta
1825 3957 1898 4000 con·

404 4041 589 4105 taminando
613 4041 864 4127 adiungerentur
885 4063 944 4107 nec
967 4047 1074 4106 tamen
1097 4041 1202 4126 prima
1224 4040 1282 4105 illa
1305 4061 1401 4123 quam
1425 4039 1492 4104 dixi
1516 4062 1643 4125 scaena,

355 4148 385 4230 c)
404 4148 536 4211 tertium
560 4167 663 4233 genus
685 4153 735 4212 est
753 4169 864 4212 eorum
884 4149 940 4231 qui
959 4147 1198 4213 contaminandi
1217 4146 1374 4211 rationem
1395 4147 1429 4211 in
1447 4146 1552 4211 Milite
1572 4146 1722 4212 Glorioso
1742 4147 1899 4212 latissime

403 4258 515 4337 patere
538 4254 745 4319 arbitrantur.

297 4358 419 4427 Verum
443 4382 482 4424 ne
505 4361 627 4424 nostris
650 4362 779 4445 quidem
799 4361 998 4445 temporibus
1018 4360 1191 4426 defuerunt
1210 4360 1266 4443 qui
1285 4360 1368 4425 banc
1386 4360 1530 4425 fabulam
1550 4383 1613 4424 non
1634 4360 1895 4443 contaminatam,

137 4465 193 4529 sed
215 4464 374 4552 integram
398 4488 437 4531 ex
461 4467 588 4553 integra
610 4468 775 4532 comoedia
798 4466 920 4533 Graeca
943 4490 962 4532 a
985 4468 1101 4532 Plauto
1120 4488 1303 4551 expressam
1323 4489 1392 4531 esse
1412 4471 1593 4532 censerent:
1618 4489 1681 4551 quo
1706 4469 1738 4532 in
1763 4489 1897 4531 numero

137 4575 188 4636 est
209 4571 230 4636 J
238 4572 395 4637 Brixius
419 4573 453 4637 in
483 4574 590 4657 priore
620 4574 746 4639 fabulae
777 4574 917 4639 editione
947 4576 1049 4659 (Lips
1064 4577 1163 4656 1875)
1187 4610 1229 4621 -
1254 4573 1286 4637 in
1310 4574 1651 4658 altera('Lips.1883)
1674 4575 1816 4638 incertus
1839 4577 1898 4654 est,

138 4678 216 4762 quid
245 4679 284 4744 de
311 4679 373 4745 bac
403 4681 590 4764 quaestione
617 4679 824 4745 iudicandum
851 4681 894 4745 sit
923 4719 963 4728 —
992 4685 1025 4746 et
1053 4679 1075 4744 J
1080 4678 1317 4766 LVssingius
1341 4681 1373 4744 in
1404 4680 1546 4745 editione
1570 4681 1645 4744 anni
1672 4682 1758 4747 1882
1782 4678 1898 4766 (altera

135 4784 232 4850 buius
254 4785 383 4851 fabulae
406 4786 505 4852 editio
525 4785 722 4873 Vssingiana
744 4787 779 4850 in
802 4808 916 4852 manus
939 4809 1026 4851 meas
1049 4807 1113 4851 non
1137 4784 1249 4871 venit).

294 4892 344 4958 De
368 4893 486 4978 quibus
508 4893 677 4958 hominum
701 4894 868 4958 doctorum
892 4894 1098 4979 opinionibus
1121 4915 1206 4957 nunc
1230 4886 1266 4957 eo
1291 4893 1402 4958 ordine
1427 4914 1491 4977 quo
1522 4894 1555 4957 in
1579 4891 1683 4957 lucem
1707 4892 1898 4976 prodierunt

136 5000 359 5083 exponendum
382 5000 518 5067 videtur.
1644 5086 1680 5138 1*
