4186 5424
1044 233 1087 304 15

120 465 123 470 ·
182 443 260 507 noct
282 444 340 507 ma
364 443 432 508 darn
456 443 544 507 mdes
564 444 735 525 fortpesetat
762 445 829 508 seia
858 444 955 508 wird:
983 464 1015 507 cs
1044 443 1149 508 mitrale
1176 445 1264 507 dorca
1295 443 1379 508 airlrt
1407 442 1493 509 risela·
1515 443 1713 525 reacciperet,
1745 447 1879 510 sardan
1899 467 1946 511 er-

183 550 319 614 mit'dead
338 545 602 631 percult-babeas
644 547 810 625 Quodsi
835 573 964 615 verum
988 555 1059 635 est,
1083 571 1154 615 meo
1179 550 1308 633 quidem
1332 550 1450 614 iudicio
1474 572 1550 615 non
1573 551 1646 615 iam
1670 556 1730 615 est
1754 573 1820 616 cur
1842 536 1946 616 actus

183 656 372 721 secundus
400 655 459 721 vel
483 678 565 720 curn
588 657 706 720 tertio
739 656 801 721 rel
832 657 916 722 sine
945 659 1066 722 tertio
1097 656 1252 722 fabulae
1282 679 1348 740 per
1378 658 1740 722 contaminationem
1771 657 1945 725 adiectus

182 785 263 828 esse
293 763 482 828 credatur.
528 762 662 828 Accedit
686 763 771 848 quod
795 763 1025 829 Palaestrionis
1048 765 1155 830 verbis
1179 765 1244 830 765
1267 786 1336 848 sqq.
1355 763 1409 829 hic
1432 765 1499 848 ipse
1522 764 1648 829 fabulae
1671 766 1776 830 exitus
1800 767 1946 850 quamvis

182 875 265 935 tecte
288 870 421 935 indicari
445 870 580 935 videtur.

342 977 490 1061 Denique
513 977 713 1041 fallaciarum
738 978 866 1043 illarum
891 978 1089 1044 intermissio
1113 979 1141 1043 si
1166 977 1363 1042 comoediam
1388 979 1534 1044 celeriter
1556 980 1645 1066 legas
1667 1001 1732 1044 non
1756 979 1860 1044 solum
1879 1003 1944 1046 non

182 1084 319 1149 molesta
341 1088 391 1149 est
413 1084 469 1149 sed
492 1085 547 1149 vix
570 1085 788 1172 cognoscitur,
812 1086 852 1150 ab
875 1085 1006 1150 illorum
1026 1089 1132 1149 autem
1156 1077 1337 1170 temporum
1355 1085 1542 1151 hominibus
1565 1087 1598 1150 in
1621 1086 1793 1179 spectando
1811 1109 1876 1151 non
1896 1093 1945 1153 est

181 1195 339 1275 percepta.
374 1190 482 1256 Finito
498 1192 582 1256 enim
597 1193 835 1275 praeparatorio
855 1193 924 1275 illo,
948 1197 984 1257 ut
1007 1195 1052 1257 ita
1070 1192 1187 1278 dicam,
1211 1196 1284 1257 actu
1307 1193 1404 1258 tertio
1423 1198 1619 1278 spectatores
1633 1193 1768 1258 actionis
1782 1193 1945 1259 celeritate

181 1297 227 1362 ita
246 1301 409 1382 tenentur,
433 1304 469 1363 ut
488 1299 620 1383 parietis
634 1298 770 1382 perfossi
791 1299 880 1364 nullo
900 1300 996 1365 modo
1015 1299 1229 1365 recordentur.
1262 1298 1431 1365 Eiusmodi
1451 1323 1514 1386 res,
1538 1301 1566 1364 si
1590 1300 1662 1384 quis
1681 1282 1944 1386 pervestigandae

181 1403 364 1470 comoediae
387 1426 516 1489 operam
541 1405 678 1488 dederit,
702 1406 946 1471 animadvertet:
977 1405 1053 1470 dum
1081 1406 1192 1471 audita
1214 1410 1246 1470 et
1274 1412 1416 1491 spectata
1439 1412 1501 1491 est,
1531 1429 1639 1492 neme,
1667 1407 1774 1493 credo,
1803 1409 1943 1474 animad-

180 1512 292 1597 vertit,
315 1517 411 1595 atque
434 1516 471 1576 ut
495 1512 681 1577 audirentur
704 1517 736 1578 et
760 1517 981 1598 spectarentur
1004 1513 1038 1576 in
1062 1534 1188 1596 scaena,
1216 1535 1280 1577 non
1304 1519 1341 1578 ut
1368 1515 1402 1579 in
1432 1515 1615 1579 domesticis
1643 1515 1842 1581 eruditorum
1870 1538 1941 1581 con·

179 1618 325 1683 claribus
348 1618 572 1683 lectitarentur
595 1624 627 1684 et
650 1620 689 1684 ad
713 1620 792 1684 artis
814 1625 984 1705 praecepta
1006 1619 1279 1705 perpenderentur
1302 1624 1334 1685 et
1356 1621 1482 1687 fabulas
1505 1621 1672 1686 Plautinas
1698 1626 1732 1686 et
1754 1622 1841 1706 ipsas
1864 1644 1941 1706 quo·
2040 1612 2042 1617 ¹

180 1747 242 1810 que
274 1724 459 1790 Atticorum
491 1726 617 1790 fabulas
650 1728 845 1811 compositas
873 1749 942 1792 esse
970 1726 1176 1791 manifestum
1211 1731 1267 1791 est.
1314 1726 1522 1813 conscriptae
1554 1733 1630 1793 sunt
1661 1728 1701 1793 ad
1734 1728 1940 1795 oblectandos

178 1833 304 1897 animos
326 1832 494 1897 hominum
519 1832 652 1897 candide
681 1835 889 1899 sentientium
917 1833 1171 1918 simpliciterque
1201 1834 1391 1918 fruentium,
1419 1830 1485 1900 nori
1514 1836 1555 1900 ad
1577 1836 1730 1908 delicatas
1757 1841 1790 1901 et
1816 1838 1940 1903 fastidi-

178 1960 251 2004 osas
278 1961 371 2004 aures
394 1943 580 2022 mentesque
595 1940 772 2005 ¹subtilium
796 1942 1038 2008 aestimatorum
1063 1942 1232 2009 satiandas.

337 2045 425 2112 Num
458 2045 533 2110 talis
566 2046 671 2130 qualis
702 2049 840 2133 perfossi
867 2050 1001 2134 parietis
1027 2052 1078 2112 est
1104 2048 1231 2113 fallacia
1258 2072 1277 2112 a
1302 2053 1398 2133 poeta
1424 2048 1611 2115 recentioris
1638 2051 1753 2115 aetatis
1776 2051 1809 2115 in
1832 2053 1939 2136 priore
2072 2074 2074 2078 “

178 2157 268 2237 parte
293 2150 427 2218 alicuius
446 2153 573 2218 fabulae
592 2153 736 2220 adhibita
760 2156 815 2240 sit,
839 2156 958 2221 omissa
976 2156 1009 2219 in
1027 2156 1206 2239 posteriore
1227 2156 1344 2220 nescio.
1388 2154 1463 2221 Non
1487 2155 1551 2221 fuit
1573 2156 1675 2221 otium
1698 2156 1795 2223 huius
1817 2158 1863 2223 rei
1887 2182 1938 2224 ex·

178 2261 366 2346 quirendae,
390 2282 583 2344 quamquam
607 2261 701 2326 credo
725 2262 788 2326 tale
812 2263 889 2346 quid
913 2286 932 2327 a
954 2263 1138 2328 comoediae
1162 2262 1289 2346 quidem
1312 2267 1430 2328 natura
1451 2285 1516 2328 non
1540 2263 1718 2328 abhorrere.

337 2366 584 2432 Demonstrasse
617 2369 718 2453 igitur
751 2368 831 2434 mihi
864 2370 975 2436 videor
1012 2369 1295 2435 contaminationis
1330 2375 1396 2435 tam
1434 2365 1502 2436 late¹
1535 2372 1676 2455 patentis
1708 2393 1802 2437 usum
1834 2395 1937 2457 neque

176 2474 372 2538 testimoniis
395 2474 552 2560 exemplis
575 2475 776 2541 documentis
798 2478 982 2542 confirmari
1011 2481 1043 2542 et
1071 2482 1184 2562 suapte
1211 2481 1327 2541 natura
1354 2477 1449 2542 fidem
1473 2478 1624 2544 excedere
1651 2478 1803 2564 omnique
1830 2503 1936 2545 carere

174 2581 417 2667 probabilitate3
441 2583 574 2667 exposui
593 2582 654 2647 hac
673 2585 824 2667 opinione
847 2586 925 2649 adeo
948 2607 1014 2650 uon
1037 2584 1108 2649 tolli
1131 2583 1228 2649 huius
1250 2583 1379 2649 fabulae
1402 2583 1609 2650 difficultates
1633 2589 1669 2649 ut
1692 2585 1772 2650 aliae
1791 2587 1936 2652 oriantur

176 2686 241 2751 illis
265 2689 362 2753 etiam
386 2690 523 2754 maiores
546 2713 582 2755 ac
605 2690 782 2776 graviores3
805 2692 938 2776 probavi
944 2744 953 2777 ‚
977 2692 1083 2777 quoad
1106 2692 1175 2756 eius
1199 2692 1269 2757 fieri
1292 2693 1413 2778 potuit,
1428 2688 1570 2757 fabulam
1589 2691 1773 2758 Plautinam
1791 2693 1935 2778 proxime

174 2796 345 2861 accessisse
368 2797 408 2860 ad
431 2796 605 2862 Alazouem
630 2797 742 2862 Graeci
766 2803 879 2883 poetae
902 2798 1054 2865 fabulam.

334 2903 498 2970 Vitiorum
522 2908 629 2968 autem
654 2927 734 2989 quae
757 2906 791 2969 in
806 2906 911 2971 Milite
926 2905 1076 2970 Glorioso
1100 2906 1381 2992 deprehenduntur
1404 2930 1423 2972 a
1442 2907 1561 2973 criticis
1576 2907 1693 2992 duplex
1712 2906 1793 2972 mihi
1807 2907 1935 2975 videtur

173 3031 275 3095 genus
299 3032 381 3076 esse:
1857 3005 1861 3013 ’

479 3121 505 3184 1.
530 3141 611 3204 quae
635 3120 753 3183 iniuria
776 3141 834 3202 pro
858 3120 946 3184 vitiis
969 3115 1143 3206 habentur,

477 3229 505 3291 2.
530 3248 610 3309 quae
625 3236 744 3291 *revera
766 3231 842 3290 sunt
865 3226 952 3291 vitia.

333 3332 421 3398 Haec
445 3337 552 3398 autem
576 3355 657 3417 quae
680 3355 791 3397 revera
813 3333 893 3398 vitia
916 3339 992 3399 sunt
1014 3339 1070 3400 aut

492 3439 524 3525 a)
545 3441 585 3505 ad
607 3440 758 3505 Plautum
784 3441 889 3525 ipsum
913 3446 989 3506 sunt
1011 3442 1177 3507 referenda
1200 3447 1256 3507 aut

491 3545 527 3635 b)
546 3547 586 3611 ad
609 3547 761 3612 Plautum
785 3570 849 3613 non
873 3550 1043 3633 pertinent.

333 3654 384 3719 Ad
408 3654 489 3718 illud
511 3675 612 3739 genus
635 3661 655 3719 1
678 3676 749 3718 mea
773 3654 902 3739 quidem
928 3657 1088 3721 sententia
1113 3657 1193 3722 illud
1221 3661 1344 3742 spectat
1371 3657 1456 3742 quod
1479 3656 1657 3722 Palaestrio
1681 3647 1722 3721 ut
1744 3658 1929 3744 prologus

170 3784 198 3824 v.
218 3762 281 3827 145
305 3783 373 3845 sqq.
390 3783 427 3826 ea
449 3766 559 3827 narrat
590 3785 670 3847 quae
698 3767 740 3827 ut
768 3761 925 3827 fabulae
954 3785 1120 3846 persona
1149 3766 1258 3831 v.173
1278 3786 1346 3847 sqq.
1367 3764 1494 3827 demum
1527 3767 1714 3849 comperiet,
1747 3787 1810 3849 qua
1834 3766 1872 3830 de
1895 3788 1929 3830 re

169 3873 293 3933 veteres
313 3868 459 3933 homines
479 3891 570 3933 secus
589 3870 727 3934 sensisse
746 3869 897 3935 credibile
921 3874 1089 3956 astatque
1112 3875 1280 3936 nostrates.
1327 3869 1518 3935 Conferatur
1541 3870 1857 3936 PTrautweinius
1881 3875 1928 3938 ‘dc

164 3977 363 4059 proloporica
388 3976 609 4043 Plarrtiamura
644 3977 745 4042 indole
774 3983 863 4059 usqae
890 3973 1013 4042 anticra'
1047 3976 1149 4045 Bercl.
1168 3983 1252 4045 1890
1264 4001 1298 4061 p.
1318 3981 1464 4043 46-54.
1518 3977 1589 4063 Ego
1620 3982 1724 4042 totum
1755 3977 1926 4064 prologum

169 4083 344 4167 genuinum
377 4105 447 4147 esse
482 4084 633 4148 existimo
663 4084 800 4148 exclusis
829 4085 967 4148 fortasse
1003 4085 1147 4150 versibus
1179 4087 1222 4152 93
1250 4090 1282 4149 et
1315 4087 1371 4168 94,
1404 4085 1442 4149 de
1471 4074 1592 4169 quibus
1616 4084 1688 4149 ride
1719 4085 1803 4150 infra
1825 4109 1855 4171 p.
1877 4088 1925 4153 18.
1969 4108 1972 4118 ⁴

167 4189 282 4274 Neque
307 4177 434 4276 prologi
457 4190 634 4275 loquacitas
659 4213 709 4255 me
735 4191 881 4276 offendit,
905 4214 986 4276 quae
1010 4215 1080 4256 meo
1101 4193 1230 4276 quidem
1254 4192 1373 4256 iudicio
1397 4193 1429 4256 in
1454 4191 1653 4276 expositione
1677 4191 1818 4278 fabulae,
1843 4216 1925 4276 quae

169 4296 302 4379 dicitur,
322 4298 501 4362 necessaria
516 4298 655 4380 videtur3
675 4298 714 4361 ad
728 4299 961 4382 expositionem
977 4302 1084 4363 autem
1104 4304 1236 4384 apparet
1255 4299 1344 4364 illam
1364 4288 1449 4365 certe
1467 4303 1591 4384 partem
1610 4299 1736 4385 prologi
1755 4301 1924 4384 pertinere,

168 4403 224 4467 ubi
243 4403 513 4469 Philocomasium
535 4428 554 4469 a
572 4404 789 4470 Palaestrione
808 4410 947 4490 reperta,
966 4406 1134 4471 Pleusiclis
1153 4407 1321 4491 adventus,
1346 4409 1451 4492 paries
1465 4407 1629 4492 perfossus
1648 4412 1924 4492 commemoratur,

168 4533 303 4594 aquarum
341 4534 447 4577 rerum
481 4513 514 4598 in
545 4512 710 4577 comoedia
742 4512 811 4595 ipsa
843 4512 931 4577 nulla
963 4514 1001 4577 fit
1033 4515 1163 4578 mentio,
1219 4513 1282 4577 ltes
1315 4516 1400 4578 enirn
1431 4514 1471 4578 ad
1503 4514 1750 4599 intellegendam
1781 4514 1922 4580 fabulam

170 4619 368 4683 necessarias
401 4620 517 4684 iterum
552 4620 731 4703 iterumque
765 4620 1044 4684 commemorando
1077 4621 1307 4685 occurrendum
1340 4626 1408 4686 erat
1437 4623 1595 4685 maximae
1626 4643 1707 4705 quaa
1737 4622 1830 4686 initio
1854 4644 1923 4686 esse

167 4724 293 4789 solebat
325 4726 524 4790 audientium
555 4726 682 4812 turbae,
712 4726 751 4791 de
781 4748 844 4810 qua
874 4750 945 4791 cum
980 4729 1013 4791 in
1044 4728 1115 4792 aliis
1145 4728 1288 4814 prologis
1312 4734 1380 4793 tum
1405 4730 1438 4792 in
1461 4727 1558 4792 huius
1587 4729 1688 4811 ipsius
1711 4729 1804 4792 initio
1828 4733 1923 4812 poeta

166 4831 264 4896 verba
286 4832 378 4915 facit,
402 4837 434 4897 et
453 4834 599 4917 quisquis
622 4832 789 4898 hominum
809 4832 995 4899 Italicorum
1019 4835 1204 4899 ineuntibus
1227 4836 1418 4919 spectaculis
1440 4834 1653 4900 theatralibus
1672 4835 1870 4899 alacritatem
1890 4840 1922 4899 et

165 4938 337 5002 clamorem
361 4939 501 5026 noverit,
525 4942 552 5004 is
572 4961 696 5004 mecum
717 4941 777 5005 hac
796 4941 834 5005 de
853 4963 887 5005 re
903 4963 1036 5024 prorsus
1060 4944 1246 5007 consentiet.
1285 4943 1534 5019 Quamobrem
1559 4944 1591 5005 in
1614 4942 1795 5007 fabularum
1819 4942 1921 5006 initiis

162 5045 349 5110 huiusmodi
364 5046 561 5132 tautologiae
575 5049 706 5112 minime
721 5053 797 5112 sunt
811 5048 988 5114 offensioni.
1014 5048 1136 5115 Salium
1152 5054 1259 5114 autem
1272 5072 1308 5114 ac
1317 5050 1419 5113 facete
1429 5048 1588 5113 dictorum
1599 5050 1632 5114 in
1642 5048 1776 5134 prologo
1787 5050 1921 5132 penuria
