4186 5424
1026 216 1081 286 20.

41 438 43 442 ’
162 428 297 510 peweitet
318 427 399 492 siud.
445 425 505 491 Boi
528 425 738 490 resederemus
761 425 1007 507 Acestilluuupcc
1037 426 1153 491 solicitet
1180 428 1293 507 perede
1324 427 1405 492 disse
1428 426 1538 492 Portis
1566 450 1623 493 aar
1651 428 1924 511 Eiasctwuramp

166 557 223 600 core
245 535 410 601 auertant
431 533 583 598 Zutlraten
607 534 673 598 used
702 533 904 598 Variotioaca
926 533 1073 598 viellcicbt
1095 539 1185 598 octar
1206 533 1386 600 theibceiser
1408 535 1588 617 Zuziebuup
1610 537 1694 601 einer
1714 536 1923 618 praetactae

172 644 300 726 Vorlopc
327 641 464 724 ccrfitbrt
485 661 525 706 zu
547 640 661 705 haben:
689 640 762 722 dass
784 661 844 705 fauts
865 638 1025 705 Scbicbtcu
1053 640 1276 706 verschiedcacr
1302 641 1514 708 Redultioucu
1537 645 1700 725 certamen,
1725 644 1848 708 oerre'r'tb
1871 645 1923 709 die

165 751 213 815 als
239 749 361 815 Garrses
385 750 475 831 udltip
498 748 681 813 urdeulttore
703 747 1001 830 Arrfcimmlersolpc
1023 748 1078 812 der
1107 748 1196 813 Verso
1219 753 1400 813 oso—670
1421 749 1457 814 ia
1479 751 1538 816 dea
1560 745 1824 832 Haadscbrr'sten?

325 854 453 932 Quanta
482 853 662 919 mehercule
693 854 922 918 sententiarum
948 854 1129 919 diversitasl
1181 854 1382 920 Existimant
1409 856 1510 941 igitur
1537 857 1576 921 ab
1605 879 1669 922 uuo
1697 861 1796 942 poeta
1817 861 1922 923 totam

164 963 247 1028 hanc
265 985 396 1028 scaenae
414 966 538 1047 partem
558 961 770 1045 compositam
789 983 872 1046 csse,
891 962 958 1026 sive
973 961 1107 1027 Plautus
1126 961 1188 1026 fuit
1207 961 1255 1048 (id
1274 963 1359 1047 quod
1373 962 1548 1028 Loreuzius
1567 963 1683 1028 etheo
1702 961 1921 1051 crediderunt)

165 1070 211 1135 ita
234 1070 363 1156 quidem
393 1074 430 1134 ut
452 1070 541 1135 locus
564 1068 735 1134 Plautinus
759 1069 798 1133 ab
822 1068 886 1133 alio
916 1069 968 1134 vel
998 1069 1070 1133 aliis
1100 1068 1315 1153 amplificatus
1338 1070 1381 1134 sit
1410 1068 1506 1157 (quae
1536 1075 1586 1137 est
1615 1072 1725 1156 opinio
1755 1071 1860 1136 Brixii
1888 1076 1922 1136 et

164 1176 350 1264 Ribbeckii)
373 1177 440 1242 sive
463 1177 653 1261 posterioris
677 1176 792 1241 aetatis
815 1175 912 1241 homo
937 1177 992 1260 qui
1015 1198 1131 1241 novam
1155 1176 1282 1241 fabulae
1305 1177 1463 1243 actionem
1492 1178 1652 1261 paraverit
1682 1178 1783 1263 (quod
1812 1179 1921 1243 visum

164 1289 213 1349 est
237 1284 415 1349 Schmidtio
439 1283 593 1369 Vssingio
616 1283 793 1369 Langeno).

324 1391 370 1456 Vt
384 1414 455 1456 mea
468 1391 532 1456 fert
546 1390 656 1475 opinio
671 1391 872 1455 consentiens
887 1390 943 1454 illa
953 1391 1082 1476 quidem
1093 1391 1126 1456 in
1136 1391 1299 1457 nonnullis
1313 1392 1408 1457 rebus
1419 1415 1491 1457 cum
1501 1391 1680 1457 Schmidtio
1691 1392 1921 1475 etRibbeclrio,

164 1520 299 1563 versus
315 1500 496 1565 seo—764
513 1519 716 1582 numquam
736 1497 774 1561 in
794 1520 867 1562 una
885 1497 1086 1582 eademque
1105 1498 1262 1565 fabulae
1280 1500 1434 1564 actione
1453 1499 1580 1564 locum
1599 1498 1829 1586 habuerunt,
1853 1499 1920 1564 sed

164 1609 414 1670 coacervatae
449 1611 539 1671 sunt
566 1608 696 1689 partes
730 1609 769 1668 et
796 1604 1014 1689 particulae
1043 1627 1137 1689 quae
1165 1629 1184 1670 a
1212 1606 1377 1671 diversis
1411 1606 1634 1671 hominibus
1664 1606 1710 1670 ad
1742 1607 1919 1672 diversas

163 1711 316 1777 fabulae
344 1711 516 1776 actiones
539 1712 705 1777 diversis
729 1711 1015 1795 exemplaribus
1040 1711 1196 1777 Graccis
1224 1713 1414 1778 adhibitis
1438 1713 1483 1777 ad
1506 1714 1672 1778 subulam
1696 1714 1918 1779 Plautinam

163 1821 223 1884 ita
246 1820 449 1884 adiunctae
472 1823 584 1903 sunt,
608 1822 651 1883 ut
674 1818 751 1883 alia
774 1819 940 1883 membra
970 1819 1014 1883 ad
1038 1818 1139 1884 alias
1162 1822 1343 1887 actiones
1371 1825 1558 1905 usurpata
1581 1842 1663 1885 esse
1686 1821 1918 1886 credendum

34 1943 37 1950 '
163 1927 223 1991 sit.
268 1925 382 1991 Multis
405 1925 491 1990 enim
514 1925 594 1990 locis
612 1930 775 2010 postrema
793 1948 866 1990 cum
884 1927 999 2011 primis
1017 1948 1082 1991 non
1101 1927 1285 2012 cohaerent,
1308 1932 1480 1994 occurrunt
1500 1928 1568 1992 veri
1587 1927 1769 2013 dissimilia,
1793 1929 1919 2015 iterata,

162 2034 246 2098 inter
273 2056 307 2097 se
330 2033 544 2118 repugnantia
567 2033 684 2116 quibus
709 2033 946 2117 transponendo
979 2034 1099 2099 frustra
1128 2035 1281 2100 medeare.
1329 2033 1529 2120 Quamquam
1562 2056 1602 2098 ne
1633 2035 1917 2120 grammaticorum

163 2140 291 2226 quidem
311 2139 528 2204 additamenta
546 2139 662 2203 desunt
685 2161 765 2223 quae
785 2139 979 2224 glossemata
997 2141 1158 2226 appellare
1177 2141 1317 2206 solemus
1340 2142 1444 2206 multo
1462 2141 1696 2226 posterioribus
1716 2142 1918 2225 temporibus

163 2247 287 2312 adiecta
310 2269 406 2331 quam
432 2267 513 2330 quae
536 2244 787 2311 instauratamm
811 2246 994 2313 fabularum
1017 2247 1239 2313 Plautinarum
1262 2248 1327 2313 fuit
1349 2253 1445 2313 aetas.

323 2353 411 2418 Haec
434 2357 542 2416 aulem
566 2354 709 2418 membra
732 2353 836 2418 aliena
858 2354 994 2420 fortasse
1017 2377 1082 2419 non
1105 2359 1212 2420 essent
1235 2356 1356 2421 adscita
1379 2378 1417 2420 ex
1440 2355 1573 2439 fabulis,
1605 2355 1639 2420 in
1669 2356 1787 2439 quibus
1818 2355 1917 2420 homo

162 2460 288 2525 caelebs
316 2460 500 2525 libertatem
533 2481 624 2523 suam
656 2460 863 2544 praedicabat
890 2499 924 2508 —
952 2461 1032 2527 tales
1055 2466 1163 2527 autem
1194 2462 1281 2528 locos
1312 2464 1346 2527 in
1379 2486 1462 2528 nova
1494 2463 1658 2528 comoedia
1690 2485 1729 2526 ex
1760 2462 1916 2547 Euripide

161 2566 318 2651 pendente
336 2567 614 2651 frequentissimos
633 2567 733 2631 fuisse
752 2567 819 2631 veri
838 2567 943 2632 simile
962 2573 1011 2632 est
1036 2606 1091 2655 —‚
1114 2570 1178 2634 nisi
1197 2569 1237 2635 ab
1256 2569 1350 2637 initio
1368 2576 1496 2655 praesto
1516 2570 1631 2635 fuisset
1650 2591 1766 2654 corpus
1784 2569 1917 2653 aliquod

162 2675 212 2739 vel
235 2674 460 2759 corpusculum
483 2696 556 2739 vere
579 2673 765 2739 Plautinum
788 2675 828 2738 ad
851 2675 1042 2761 adfingenda
1064 2675 1121 2740 illa
1143 2678 1288 2741 membra
1310 2682 1430 2762 aptum.

321 2780 409 2858 Quae
424 2803 496 2846 cum
511 2781 557 2847 ita
572 2781 652 2866 sint,
666 2781 763 2846 ctiam
779 2781 816 2846 de
832 2781 1186 2849 contaminatione
1204 2782 1294 2868 loqui
1308 2783 1428 2868 possis,
1447 2806 1512 2848 non
1527 2807 1590 2869 qua
1604 2783 1739 2850 Plautus
1755 2784 1823 2869 ipse
1837 2806 1916 2849 usus

161 2891 217 2975 sit,
241 2893 275 2954 at
293 2912 356 2974 qua
373 2887 575 2973 posteriores.
612 2888 778 2953 Habemus
797 2891 882 2953 enim
901 2912 1011 2973 reapse
1030 2890 1090 2954 hoc
1109 2890 1179 2955 loco
1201 2891 1505 2957 contaminationem
1524 2895 1599 2974 post
1617 2891 1769 2955 Plautum
1783 2890 1915 2958 iactam.

320 2996 456 3060 Veniam
476 3018 560 3061 nunc
579 2995 619 3059 ad
637 3017 718 3079 rem,
741 2995 797 3060 ubi
816 2994 879 3059 duo
897 2994 976 3060 haec
994 3017 1157 3061 monuero.
1198 2995 1246 3061 Ac
1260 2997 1399 3080 primum
1415 2998 1543 3081 quidem
1558 2996 1666 3061 Frheo
1681 2996 1732 3061 vel
1745 3002 1916 3082 propterea

160 3108 265 3169 totum
289 3103 395 3168 locum
418 3103 534 3167 Plauto
558 3102 802 3167 adscribendum
830 3125 899 3168 esse
927 3106 1047 3186 censet,
1077 3103 1163 3187 quod
1188 3102 1267 3168 hacc
1289 3125 1364 3187 pars
1389 3103 1625 3189 dittographiae
1648 3103 1767 3168 indicia
1789 3104 1915 3189 habeat,

161 3211 198 3275 cf.
209 3234 239 3296 p.
253 3212 329 3276 164:
348 3206 434 3274 ‘aber
455 3211 512 3275 soll
531 3231 607 3274 mua
622 3230 717 3292 papas
735 3212 801 3275 siae
823 3210 920 3275 solchs
938 3211 1076 3277 Atbetese
1093 3211 1169 3276 acob
1191 3209 1320 3276 Gritude
1337 3210 1521 3292 casillars?
1559 3210 1625 3276 Der
1642 3211 1709 3274 siue
1730 3210 1824 3275 reiciat
1846 3230 1913 3286 aare,

159 3319 230 3399 (tals
248 3319 306 3382 das
324 3316 417 3382 strae
439 3317 675 3399 Dittoprapbien
697 3317 763 3402 bat,
786 3317 853 3382 also
870 3338 941 3382 sum
964 3319 1046 3384 alten
1067 3318 1223 3382 Bestaade
1242 3314 1364 3397 pelsdrt!
1410 3314 1494 3392 Quid
1518 3315 1591 3378 inde
1614 3313 1774 3378 efficiatur
1796 3313 1912 3377 nescio.

160 3424 244 3502 Quid
259 3425 344 3489 enim
359 3422 495 3507 impedit
505 3423 677 3507 quominus
691 3424 771 3508 ipsis
786 3445 913 3508 quoque
926 3424 1074 3508 partibus
1088 3427 1162 3508 post
1171 3422 1354 3487 Plautinum
1370 3426 1506 3486 aetatem
1522 3420 1668 3503 adiectis,
1682 3420 1710 3483 si
1725 3424 1837 3505 postea
1851 3418 1914 3482 alia

160 3533 257 3597 etiam
277 3530 494 3616 apparabatur
511 3529 638 3594 fabulae
658 3531 755 3616 actio,
780 3530 883 3595 denuo
902 3552 985 3595 nova
1003 3530 1154 3594 adiuncta
1171 3551 1240 3594 esse
1259 3528 1448 3595 credamus?
1485 3527 1632 3592 Alterum
1652 3527 1714 3592 hoc
1732 3531 1796 3593 est:
1818 3526 1852 3590 in
1867 3525 1913 3591 eis

160 3661 241 3724 quae
259 3642 437 3722 sequuntur
455 3624 592 3701 aliorum
612 3636 651 3701 de
674 3636 811 3722 singulis
833 3636 912 3701 locis
932 3637 1107 3702 sententias
1130 3658 1196 3699 non
1215 3635 1461 3700 commemoravi
1481 3639 1526 3720 et,
1550 3656 1631 3718 quae
1649 3633 1819 3717 potissima
1842 3632 1914 3717 fuit,

160 3744 328 3811 brevitatis
343 3767 438 3809 causa
457 3748 490 3808 et
504 3744 579 3827 quia
598 3765 701 3807 meam
720 3742 905 3827 opinionem
924 3742 1006 3807 nihil
1026 3743 1090 3809 nisi
1108 3742 1204 3810 lectio
1223 3765 1316 3827 saepe
1335 3743 1450 3807 iterata
1469 3741 1686 3825 confirmavit3
1710 3739 1788 3824 quid
1806 3745 1914 3804 autem

160 3853 215 3917 alii
239 3853 277 3917 de
306 3850 443 3939 singulis
472 3849 552 3916 locis
576 3849 787 3915 iudicaverint
811 3848 962 3914 facillime
985 3872 1023 3915 ex
1048 3849 1171 3914 Goetzii
1195 3850 1335 3915 editione
1358 3849 1478 3914 maiore
1502 3848 1715 3935 cognoscitur.

318 3956 357 4023 In
375 3957 522 4024 versibus
536 3958 722 4024 598-606
741 3957 940 4022 diversarum
963 3956 1126 4021 actionum
1149 3957 1367 4022 scaenicorum
1389 3955 1525 4041 vestigia
1548 3955 1759 4039 reperiuntur.
1792 3953 1913 4018 Versus

159 4067 251 4134 5096
266 4067 300 4130 in
314 4066 346 4129 A
361 4066 500 4130 omissus
514 4064 632 4129 rectius
652 4063 855 4149 grammatici
875 4061 1010 4127 alicuius
1024 4084 1093 4128 esse
1107 4063 1267 4128 iudicatur
1286 4084 1382 4147 quam
1402 4050 1623 4127 retractatoris
1638 4062 1694 4146 qui
1713 4082 1787 4125 eum
1801 4061 1835 4125 in
1850 4060 1913 4124 alia

159 4172 287 4237 fabulae
298 4171 423 4236 actione
432 4192 491 4255 pro
501 4192 596 4235 versu
606 4171 670 4236 599
681 4169 883 4254 pronuntiari
898 4170 1036 4235 iusserit.
1059 4168 1098 4235 In
1107 4170 1264 4255 proximis
1274 4169 1420 4235 versibus
1431 4168 1548 4253 duplex
1559 4169 1701 4233 recensio
1712 4166 1914 4253 agnoscenda

160 4283 222 4344 est:
246 4300 305 4365 ego
329 4300 441 4343 versus
466 4278 531 4344 602
554 4299 601 4361 sq.
625 4277 783 4361 genuinos
807 4299 876 4342 esse
899 4277 1007 4363 credo,
1031 4278 1150 4361 quippe
1174 4277 1229 4362 qui
1253 4277 1444 4341 adversum
1468 4277 1533 4342 599
1556 4273 1724 4359 aptissime
1747 4273 1915 4360 quadrent,

160 4409 187 4453 v.
207 4387 273 4452 600
296 4407 341 4470 sq.
366 4388 478 4449 contra
501 4405 539 4447 ex
558 4405 595 4447 eo
615 4382 724 4467 potius
743 4384 975 4448 sententiarum
994 4382 1105 4448 ordine
1123 4383 1245 4469 sumpti
1259 4387 1350 4468 sunt,
1374 4383 1414 4447 ad
1433 4405 1527 4467 quem
1546 4382 1709 4467 pertinent
1727 4382 1915 4448 604-606.

159 4491 298 4558 Versum
322 4492 386 4560 603
410 4489 547 4555 fortasse
571 4490 696 4574 excepit
719 4510 830 4555 versus
854 4491 928 4557 609.
960 4489 1082 4556 Versus
1100 4491 1164 4557 607
1189 4495 1222 4554 et
1245 4492 1309 4557 608
1333 4490 1372 4555 ab
1397 4491 1461 4555 alio
1484 4493 1694 4554 retractatore
1717 4488 1914 4573 compositos

159 4620 229 4665 esse
247 4602 341 4683 puto,
365 4597 511 4681 quamvis
530 4595 719 4680 metaphora
736 4619 753 4661 e
771 4618 806 4661 re
824 4596 990 4662 venatoria
1007 4595 1163 4660 translata
1181 4617 1246 4661 non
1265 4596 1407 4661 insuavis
1426 4597 1477 4662 sit.
1509 4597 1679 4661 Praeterea
1697 4618 1914 4662 commemoro

159 4727 269 4770 versus
284 4705 357 4776 ‚607
378 4726 424 4788 sq.
449 4702 590 4768 ciusdem
614 4703 796 4790 argumenti
819 4724 888 4767 esse
911 4707 1008 4788 atque
1032 4705 1105 4769 597.
1151 4702 1301 4767 Fortasse
1324 4726 1435 4769 versus
1459 4704 1535 4788 600,
1557 4705 1633 4790 601,
1656 4705 1722 4771 604
1745 4725 1847 4787 usque
1871 4703 1914 4769 ad

158 4833 286 4876 versum
317 4813 372 4875 aut
399 4812 465 4876 606
488 4813 544 4874 aut
567 4810 631 4876 608
662 4807 704 4897 (si
735 4831 832 4894 supra
854 4832 884 4874 v.
903 4809 1085 4876 ser-599
1116 4809 1295 4897 deleantur)
1326 4833 1364 4875 ex
1394 4811 1505 4875 eadem
1533 4811 1717 4875 recensione
1742 4811 1914 4876 fluxerunt.

159 4914 338 4996 Quominus
357 4919 423 4984 600
441 4939 488 5002 sq.
502 4938 561 5002 pro
581 4915 775 5001 glossemate
789 4916 829 4981 ad
844 4917 909 4983 606
927 4916 1088 5000 adscripto
1107 4916 1264 4982 habeatur
1282 4916 1417 5002 impedit
1435 4916 1564 4980 initium
1584 4938 1695 4981 versus
1710 4919 1784 5001 603,
1801 4919 1916 5001 quippe

68 5022 244 5104 henim
266 5046 331 5092 vox
353 5024 481 5112 flagitat
503 5044 615 5089 versus
638 5025 700 5092 601
728 5028 760 5088 et
784 5024 857 5108 602,
881 5044 953 5087 cum
976 5023 1045 5087 sine
1068 5022 1133 5087 illis
1157 5023 1304 5088 versibus
1327 5045 1392 5089 non
1415 5023 1532 5088 habeat
1555 5045 1620 5108 quo
1643 5024 1810 5090 referatur.
